@book{Kar2013,
    title = {{2D-learning: A collaborative distributed strategy for multi-agent reinforcement learning through consensus + innovations}},
    year = {2013},
    booktitle = {IEEE Transactions on Signal Processing},
    author = {Kar, Soummya and Moura, José M.F. and Poor, H. Vincent},
    number = {7},
    pages = {1848--1862},
    volume = {61},
    isbn = {9550101029},
    doi = {10.1109/TSP.2013.2241057},
    issn = {1053587X},
    arxivId = {1205.0047},
    keywords = {Collaborative network processing, Consensus + innovations, Distributed 2D-learning, Mixed time-scale dynamics, Multi-agent stochastic control, Reinforcement learning}
}

@book{Kar2013b,
    title = {{2D-learning: A collaborative distributed strategy for multi-agent reinforcement learning through consensus + innovations}},
    year = {2013},
    booktitle = {IEEE Transactions on Signal Processing},
    author = {Kar, Soummya and Moura, José M F and Poor, H. Vincent},
    number = {7},
    pages = {1848--1862},
    volume = {61},
    isbn = {9550101029},
    doi = {10.1109/TSP.2013.2241057},
    issn = {1053587X},
    arxivId = {1205.0047},
    keywords = {Collaborative network processing, Consensus + innovations, Distributed 2D-learning, Mixed time-scale dynamics, Multi-agent stochastic control, Reinforcement learning}
}

@article{Goel2006,
    title = {{A class of stochastic programs with decision dependent uncertainty}},
    year = {2006},
    journal = {Math Program},
    author = {Goel, V and Grossmann, Ignacio E.},
    number = {2-3},
    pages = {355--394},
    volume = {108},
    url = {http://citeseerx.ist.psu.edu/viewdoc/download?doi=10.1.1.32.6843&rep=rep1&type=pdf},
    doi = {10.1023/1018943626786},
    issn = {0254-5330},
    keywords = {integer stochastic programming, stochastic program with recourse}
}

@article{Garcia2015,
    title = {{A comprehensive survey on safe reinforcement learning}},
    year = {2015},
    journal = {Journal of Machine Learning Research},
    author = {Garc{\'{i}}a, Javier and Fern{\'{a}}ndez, Fernando},
    pages = {1437--1480},
    volume = {16},
    issn = {1533-7928},
    keywords = {Reinforcement learning, Risk sensitivity, Safe exploration, Teacher advice}
}

@article{Pinto1995,
    title = {{A Continuous Time Mixed Integer Linear Programming Model for Short Term Scheduling of Multistage Batch Plants}},
    year = {1995},
    journal = {Ind. Eng. Chem. Res},
    author = {Pinto, Jose M and Grossmann, Ignacio E},
    pages = {3037--3051},
    volume = {34},
    doi = {10.1021/ie00048a015},
    issn = {0888-5885}
}

@article{Castro2017,
    title = {{A cutting-plane approach for large-scale capacitated multi-period facility location using a specialized interior-point method}},
    year = {2017},
    journal = {Mathematical Programming},
    author = {Castro, Jordi and Nasini, Stefano and Saldanha-da-Gama, Francisco},
    number = {1-2},
    pages = {411--444},
    volume = {163},
    publisher = {Springer Berlin Heidelberg},
    doi = {10.1007/s10107-016-1067-6},
    issn = {14364646},
    keywords = {Benders decomposition, Cutting planes, Interior-point methods, Large-scale optimization, Mixed integer linear optimization, Multi-period facility location}
}

@article{Erdirik-Dogan2006,
    title = {{A Decomposition Method for the Simultaneous Planning and Scheduling of Single-Stage Continuous Multiproduct Plants}},
    year = {2006},
    journal = {Industrial and Engineering Chemistry Research},
    author = {Erdirik-Dogan, Muge and Grossmann, Ignacio E},
    pages = {2284--2300},
    volume = {53},
    doi = {10.1021/ie050778z}
}

@article{Oroojlooyjadid2017,
    title = {{A Deep Q-Network for the Beer Game: A Reinforcement Learning algorithm to Solve Inventory Optimization Problems}},
    year = {2017},
    author = {Oroojlooyjadid, Afshin and Nazari, MohammadReza and Snyder, Lawrence and Tak{\'{a}}{\v{c}}, Martin},
    pages = {1--38},
    url = {http://arxiv.org/abs/1708.05924},
    arxivId = {1708.05924},
    keywords = {beer game, inventory optimization, reinforcement learning}
}

@article{Kondili1993,
    title = {{A general algorithm for short-term scheduling of batch operations-I. MILP formulation}},
    year = {1993},
    journal = {Computers and Chemical Engineering},
    author = {Kondili, E. and Pantelides, C. C. and Sargent, R. W H},
    number = {2},
    pages = {211--227},
    volume = {17},
    isbn = {0098-1354},
    doi = {10.1016/0098-1354(93)80015-F},
    issn = {00981354},
    pmid = {2892}
}

@article{Hooker2005,
    title = {{A hybrid method for the planning and scheduling}},
    year = {2005},
    journal = {Constraints},
    author = {Hooker, J. N.},
    number = {4},
    pages = {385--401},
    volume = {10},
    doi = {10.1007/s10601-005-2812-2},
    issn = {13837133},
    keywords = {Bender's decomposition, Hybrid methods, Planning and scheduling}
}

@article{Pinto1997,
    title = {{A logic-based approach to scheduling problems with resource constraints}},
    year = {1997},
    journal = {Computers {\&} Chemical Engineering},
    author = {Pinto, Jose M and Grossmann, Ignacio E},
    number = {8},
    pages = {801--818},
    volume = {21},
    isbn = {0098-1354},
    doi = {10.1016/S0098-1354(96)00318-3},
    issn = {00981354},
    pmid = {2792},
    keywords = {Computational methods, Constraint theory, Formal logic, Linear programming, Mathematical models, Plant management, Problem solving, Process control, Production control, Random processes, Resource allocation, Scheduling, programming, relaxation}
}

@misc{Bellman1957,
    title = {{A Markovian decision process}},
    year = {1957},
    booktitle = {Journal Of Mathematics And Mechanics},
    author = {Bellman, Richard},
    pages = {679--684},
    volume = {6},
    isbn = {0095-9057},
    doi = {10.1007/BF02935461},
    issn = {01650114}
}

@article{Terrazas-Moreno2011,
    title = {{A multiscale decomposition method for the optimal planning and scheduling of multi-site continuous multiproduct plants}},
    year = {2011},
    journal = {Chemical Engineering Science},
    author = {Terrazas-Moreno, Sebastian and Grossmann, Ignacio E.},
    number = {19},
    pages = {4307--4318},
    volume = {66},
    isbn = {0009-2509},
    doi = {10.1016/j.ces.2011.03.017},
    issn = {00092509},
    keywords = {Bi-level decomposition, Lagrangean decomposition, Multiproduct plant, Multiscale decomposition, Planning, Scheduling}
}

@article{Fuat2009,
    title = {{A NEURAL NETWORK BASED DEMAND FORECASTING SYSTEM FOR TWO-ECHELON SUPPLY CHAINS Alev Task ı n Gumus}},
    year = {2009},
    author = {Fuat, Ali},
    number = {October},
    pages = {361--364},
    keywords = {artificial neural networks, demand forecasting, supply chain networks}
}

@inproceedings{Riedmiller1999,
    title = {{A neural reinforcement learning approach to learn local dispatching policies in production scheduling}},
    year = {1999},
    booktitle = {IJCAI International Joint Conference on Artificial Intelligence},
    author = {Riedmiller, Simone and Riedmiller, Martin},
    pages = {764--769},
    volume = {2},
    issn = {10450823}
}

@article{Boese1994,
    title = {{A new adaptive multi-start technique for combinatorial global optimizations}},
    year = {1994},
    journal = {Operations Research Letters},
    author = {Boese, Kenneth D and Kahng, Andrew B and Muddu, Sudhakar},
    number = {2},
    pages = {101--113},
    volume = {16},
    doi = {10.1016/0167-6377(94)90065-5},
    issn = {01676377},
    keywords = {Global optimization, Graph bisection, Heuristic search, Multi-start, Stochastic hill-climbing, Traveling salesman problem}
}

@article{Janak2007,
    title = {{A new robust optimization approach for scheduling under uncertainty. II. Uncertainty with known probability distribution}},
    year = {2007},
    journal = {Computers and Chemical Engineering},
    author = {Janak, Stacy L. and Lin, Xiaoxia and Floudas, Christodoulos A.},
    number = {3},
    pages = {171--195},
    volume = {31},
    isbn = {0098-1354},
    doi = {10.1016/j.compchemeng.2006.05.035},
    issn = {00981354},
    keywords = {MILP, Probability distribution, Process scheduling, Robust optimization, Uncertainty}
}

@article{Lin2004,
    title = {{A new robust optimization approach for scheduling under uncertainty: I. Bounded uncertainty}},
    year = {2004},
    journal = {Computers and Chemical Engineering},
    author = {Lin, Xiaoxia and Janak, Stacy L. and Floudas, Christodoulos A.},
    number = {6-7},
    pages = {1069--1085},
    volume = {28},
    isbn = {0098-1354},
    doi = {10.1016/j.compchemeng.2003.09.020},
    issn = {00981354},
    keywords = {Bounded uncertainty, MILP, Process scheduling, Robust optimization, Uncertainty}
}

@article{OKelly1987,
    title = {{A quadratic integer program for the location of interacting hub facilities}},
    year = {1987},
    journal = {European Journal of Operational Research},
    author = {O'Kelly, Morton E.},
    number = {3},
    pages = {393--404},
    volume = {32},
    isbn = {0377-2217},
    doi = {10.1016/S0377-2217(87)80007-3},
    issn = {03772217},
    arxivId = {0041-1655/86/2002-0092{\$}01.25},
    keywords = {Location, quadratic integer programming, spatial interaction}
}

@article{Stockheim2003,
    title = {{A reinforcement learning approach for supply chain management}},
    year = {2003},
    journal = {1st European Workshop on Multi-Agent Systems},
    author = {Stockheim, Tim and Schwind, Michael and Wolfgang, Koening}
}

@incollection{Martinez2011,
    title = {{A Reinforcement Learning Approach for the Flexible Job Shop Scheduling Problem}},
    year = {2011},
    booktitle = {Learning and Intelligent Optimization},
    author = {Martinez, Yailen and Nowe, Ann and Suarez, Juliett and Bello, Rafael},
    editor = {Coello, Carlos A.},
    pages = {253--262},
    publisher = {Springer Verlag}
}

@article{Zhang1995,
    title = {{A reinforcement learning approach to job-shop scheduling}},
    year = {1995},
    journal = {International Joint Conference on Artificial Intelligence},
    author = {Zhang, W and Dietterich, Tg},
    pages = {1114--1120},
    url = {http://citeseerx.ist.psu.edu/viewdoc/download?doi=10.1.1.8.3850&rep=rep1&type=pdf}
}

@article{Akyol2007,
    title = {{A review on evolution of production scheduling with neural networks}},
    year = {2007},
    journal = {Computers and Industrial Engineering},
    author = {Akyol, Derya Eren and Bayhan, G. Mirac},
    number = {1},
    pages = {95--122},
    volume = {53},
    doi = {10.1016/j.cie.2007.04.006},
    issn = {03608352},
    keywords = {Artificial neural networks, Production scheduling, Review}
}

@article{Maddox2019,
    title = {{A Simple Baseline for Bayesian Uncertainty in Deep Learning}},
    year = {2019},
    author = {Maddox, Wesley and Garipov, Timur and Izmailov, Pavel and Vetrov, Dmitry and Wilson, Andrew Gordon},
    url = {http://arxiv.org/abs/1902.02476},
    arxivId = {1902.02476}
}

@article{Jung2004,
    title = {{A simulation based optimization approach to supply chain management under demand uncertainty}},
    year = {2004},
    journal = {Computers and Chemical Engineering},
    author = {Jung, June Young and Blau, Gary and Pekny, Joseph F. and Reklaitis, Gintaras V. and Eversdyk, David},
    number = {10},
    pages = {2087--2106},
    volume = {28},
    isbn = {0098-1354},
    doi = {10.1016/j.compchemeng.2004.06.006},
    issn = {00981354},
    keywords = {Customer satisfaction level, Demand uncertainty, Safety stock levels, Simulation based optimization, Stochastic optimization, Supply chain management}
}

@article{Allahverdi2016,
    title = {{A survey of scheduling problems with no-wait in process}},
    year = {2016},
    journal = {European Journal of Operational Research},
    author = {Allahverdi, Ali},
    number = {3},
    pages = {665--686},
    volume = {255},
    publisher = {Elsevier B.V.},
    url = {http://dx.doi.org/10.1016/j.ejor.2016.05.036},
    doi = {10.1016/j.ejor.2016.05.036},
    issn = {03772217},
    keywords = {Flowshop, No-wait, Review, Scheduling, Survey}
}

@article{Chang1998,
    title = {{A Survey on Reinforcement Learning in Global Optimization}},
    year = {1998},
    journal = {EE298-14 Neural Dynamic Programming Class Project, Spring 1998, Prof. John N. Tsitsiklis},
    author = {Chang, Shuangyu (Shawn)},
    pages = {1--7}
}

@incollection{Rescorla2007,
    title = {{A theory of Pavlovian conditioning: variations in the effectiveness of reinforcement and nonreinforcement}},
    year = {2007},
    booktitle = {Classical Conditioning II: Current Research},
    author = {Rescorla, Robert A and Wagner, Allan R},
    editor = {Black, A.H. and Prokasy, W.F.},
    pages = {64--99},
    publisher = {Appleton-Century-Crofts},
    address = {New York},
    isbn = {0390718017},
    doi = {10.1101/gr.110528.110},
    issn = {19416016},
    pmid = {21632748},
    keywords = {Hebbian, Pavlov, Reinforcement}
}

@article{Liu2008,
    title = {{A TSP-based MILP Model for Medium-Term Planning of Single-Stage Continuous Multiproduct Plants}},
    year = {2008},
    journal = {Computational Management Science},
    author = {Liu, Songsong and Pinto, Jose and Papageorgiou, Lazaros},
    number = {4},
    pages = {407--435},
    volume = {7},
    url = {http://pubs.acs.org/doi/abs/10.1021/ie800646q},
    doi = {10.1021/ie800646q},
    issn = {0888-5885}
}

@article{Bradtke1994,
    title = {{Adaptive linear quadratic control using policy iteration}},
    year = {1994},
    journal = {American Control {\ldots}},
    author = {Bradtke, SJ and Ydstie, BE and Barto, AG},
    number = {June},
    url = {http://ieeexplore.ieee.org/xpls/abs_all.jsp?arnumber=735224}
}

@article{Maccarthy1993,
    title = {{Addressing the gap in scheduling research: A review of optimization and heuristic methods in production scheduling}},
    year = {1993},
    journal = {International Journal of Production Research},
    author = {Maccarthy, B. L. and Liu, Jiyin},
    number = {1},
    pages = {59--79},
    volume = {31},
    isbn = {0020754930},
    doi = {10.1080/00207549308956713},
    issn = {1366588X}
}

@article{Leitao2009,
    title = {{Agent-based distributed manufacturing control: A state-of-the-art survey}},
    year = {2009},
    journal = {Engineering Applications of Artificial Intelligence},
    author = {Leit{\~{a}}o, Paulo},
    number = {7},
    pages = {979--991},
    volume = {22},
    isbn = {0952-1976},
    doi = {10.1016/j.engappai.2008.09.005},
    issn = {09521976},
    pmid = {271359500002},
    arxivId = {arXiv:1406.0223v1},
    keywords = {Distributed manufacturing control, Holonic manufacturing systems, Intelligent manufacturing systems, Multi-agent systems}
}

@article{Sung2007,
    title = {{An attainable region approach for production planning of multiproduct processes}},
    year = {2007},
    journal = {AIChE Journal2},
    author = {Sung, C and Maravelias, Christos T.},
    pages = {1298--1315},
    volume = {53}
}

@article{Mendez2002,
    title = {{An efficient MILP continuous-time formulation for short-term scheduling of multiproduct continuous facilities}},
    year = {2002},
    journal = {Computers and Chemical Engineering},
    author = {M{\'{e}}ndez, C. A. and Cerd{\'{a}}, J.},
    number = {4-5},
    pages = {687--695},
    volume = {26},
    isbn = {0098-1354},
    doi = {10.1016/S0098-1354(01)00789-X},
    issn = {00981354},
    keywords = {Continuous processes, MILP optimization model, Multiproduct facilities, Optimal operation}
}

@article{Cordeau2006,
    title = {{An integrated model for logistics network design}},
    year = {2006},
    journal = {Annals of Operations Research},
    author = {Cordeau, Jean François and Pasin, Federico and Solomon, Marius M.},
    number = {1},
    pages = {59--82},
    volume = {144},
    isbn = {0254-5330{\textbackslash}n1572-9338},
    doi = {10.1007/s10479-006-0001-3},
    issn = {02545330},
    keywords = {Benders decomposition, Logistics, Network design}
}

@article{Jacquillat2015,
    title = {{An Integrated Scheduling and Operations Approach to Airport Congestion Mitigation}},
    year = {2015},
    journal = {Operations Research},
    author = {Jacquillat, Alexandre and Odoni, Amedeo R.},
    number = {6},
    pages = {1390--1410},
    volume = {63},
    url = {http://pubsonline.informs.org/doi/10.1287/opre.2015.1428},
    doi = {10.1287/opre.2015.1428},
    issn = {0030-364X},
    keywords = {airport congestion mitigation, airport demand management, area of review, benefits of integration, dynamic programming, integer, integer programming, programming, queuing model, subject classifications, transportation}
}

@article{Ribeiro,
    title = {{An Optimization Approach for Airport Slot Allocation Under IATA Guidelines}},
    author = {Ribeiro, Nuno A and Jacquillat, Alexandre and Antunes, António P and Odoni, Amedeo R and Pita, João P},
    pages = {1--50},
    keywords = {airport demand management, iata guidelines, integer, slot allocation}
}

@article{BerilToktay2001,
    title = {{Analysis of a forecasting-production-inventory system with stationary demand}},
    year = {2001},
    journal = {Management Science},
    author = {Beril Toktay, L. and Wein, Lawrence M.},
    number = {9},
    pages = {1268--1281},
    volume = {47},
    issn = {00251909},
    keywords = {Diffusion Models, Forecasting, Martingale Model of Forecast Evolution, Production/Inventory, Queues, Stochastic Models}
}

@article{Toktay2000,
    title = {{Analysis of a production-inventory system with stationary demand and dynamic forecast updates}},
    year = {2000},
    journal = {Manufacturing and Service Operations Management},
    author = {Toktay, L. Beril and Wein, Lawrence M.},
    number = {2},
    pages = {108--109},
    volume = {2},
    issn = {15234614}
}

@article{Pinkham2014,
    title = {{Analysis, Convexity, and Optimization}},
    year = {2014},
    author = {Pinkham, Henry C},
    pages = {1--522},
    url = {http://math.columbia.edu/~pinkham/Optimizationbook.pdf}
}

@article{Canto2008,
    title = {{Application of Benders' decomposition to power plant preventive maintenance scheduling}},
    year = {2008},
    journal = {European Journal of Operational Research},
    author = {Canto, Salvador Perez},
    number = {2},
    pages = {759--777},
    volume = {184},
    isbn = {0377-2217},
    doi = {10.1016/j.ejor.2006.11.018},
    issn = {03772217},
    keywords = {Benders' decomposition, Global optimisation, Maintenance, Power plant, Scheduling}
}

@article{Simao2010,
    title = {{Approximate dynamic programming captures fleet operations for Schneider National}},
    year = {2010},
    journal = {Interfaces},
    author = {Sim{\~{a}}o, Hugo P. and George, Abraham and Powell, Warren B. and Gifford, Ted and Nienow, John and Day, Jeff},
    number = {5},
    pages = {342--352},
    volume = {40},
    isbn = {0092-2102},
    doi = {10.1287/inte.1100.0510},
    issn = {00922102},
    keywords = {Dynamic programming, Freight transportation, Simulation, Transportation models}
}

@article{Bansal2016,
    title = {{Approximating Vector Scheduling: Almost Matching Upper and Lower Bounds}},
    year = {2016},
    journal = {Algorithmica},
    author = {Bansal, Nikhil and Oosterwijk, Tim and Vredeveld, Tjark and van der Zwaan, Ruben},
    number = {4},
    pages = {1077--1096},
    volume = {76},
    isbn = {9783642544224},
    doi = {10.1007/s00453-016-0116-0},
    issn = {14320541}
}

@article{Balasubramanian2004,
    title = {{Approximation to Multistage Stochastic Optimization in Multiperiod Batch Plant Scheduling under Demand Uncertainty}},
    year = {2004},
    journal = {Industrial {\&} Engineering Chemistry Research},
    author = {Balasubramanian, J and Grossmann, I E},
    pages = {3695--3713},
    volume = {43},
    url = {http://pubs.acs.org/doi/abs/10.1021/ie030308+},
    isbn = {0888-5885},
    doi = {10.1021/ie030308+},
    issn = {0888-5885}
}

@article{Mnih2016,
    title = {{Asynchronous Methods for Deep Reinforcement Learning}},
    year = {2016},
    author = {Mnih, Volodymyr and Badia, Adrià Puigdomènech and Mirza, Mehdi and Graves, Alex and Lillicrap, Timothy P. and Harley, Tim and Silver, David and Kavukcuoglu, Koray},
    volume = {48},
    url = {http://arxiv.org/abs/1602.01783},
    isbn = {9781510829008},
    doi = {10.1177/0956797613514093},
    issn = {1938-7228},
    pmid = {1000272564},
    arxivId = {1602.01783}
}

@inproceedings{PyTorch,
    title = {{Automatic Differentiation in PyTorch}},
    year = {2017},
    booktitle = {NIPS Autodiff Workshop},
    author = {Paszke, Adam and Gross, Sam and Chintala, Soumith and Chanan, Gregory and Yang, Edward and DeVito, Zachary and Lin, Zeming and Desmaison, Alban and Antiga, Luca and Lerer, Adam}
}

@article{Leal2019,
    title = {{Autonomous Industrial Management via Reinforcement Learning: Self-Learning Agents for Decision Making - A Review}},
    year = {2019},
    author = {Leal, Leonardo A. Espinosa and Westerlund, Magnus and Chapman, Anthony},
    arxivId = {arXiv:1910.08942v1}
}

@article{Brintrup2010,
    title = {{Behaviour adaptation in the multi-agent, multi-objective and multi-role supply chain}},
    year = {2010},
    journal = {Computers in Industry},
    author = {Brintrup, Alexandra},
    number = {7},
    pages = {636--645},
    volume = {61},
    publisher = {Elsevier B.V.},
    url = {http://dx.doi.org/10.1016/j.compind.2010.03.010},
    isbn = {0166-3615},
    doi = {10.1016/j.compind.2010.03.010},
    issn = {01663615},
    keywords = {Multi-agent systems, Multi-criteria decision making, Multi-objective supply chain optimisation}
}

@article{Dunovan2016,
    title = {{Believer-Skeptic meets actor-critic: Rethinking the role of basal ganglia pathways during decision-making and reinforcement learning}},
    year = {2016},
    journal = {Frontiers in Neuroscience},
    author = {Dunovan, Kyle and Verstynen, Timothy},
    number = {MAR},
    pages = {1--15},
    volume = {10},
    isbn = {4158601800},
    doi = {10.3389/fnins.2016.00106},
    issn = {1662453X},
    pmid = {27047328},
    keywords = {Basal ganglia, Decision making, Diffusion model, Exploration-exploitation tradeoff, Reinforcement learning, Speed-accuracy tradeoff}
}

@article{Contreras2011,
    title = {{Benders Decomposition for Large-Scale Uncapacitated Hub Location}},
    year = {2011},
    journal = {Operations Research},
    author = {Contreras, Ivan and Cordeau, Jean-François and Laporte, Gilbert},
    number = {6},
    pages = {1477--1490},
    volume = {59},
    url = {http://pubsonline.informs.org/doi/abs/10.1287/opre.1110.0965},
    isbn = {0030364X},
    doi = {10.1287/opre.1110.0965},
    issn = {0030-364X},
    pmid = {28028460},
    arxivId = {arXiv:1301.2609v5}
}

@article{Camargo2008,
    title = {{Benders decomposition for the uncapacitated multiple allocation hub location problem}},
    year = {2008},
    journal = {Computers and Operations Research},
    author = {de Camargo, R. S. and Miranda, G. and Luna, H. P.},
    number = {4},
    pages = {1047--1064},
    volume = {35},
    isbn = {0305-0548},
    doi = {10.1016/j.cor.2006.07.002},
    issn = {03050548},
    keywords = {Benders decomposition, Hub-and-spoke networks, Large-scale optimization}
}

@article{Rawlings2019,
    title = {{Bringing new technologies and approaches to the operation and control of chemical process systems}},
    year = {2019},
    journal = {AIChE Journal},
    author = {Rawlings, James B. and Maravelias, Christos T.},
    number = {6},
    pages = {1--18},
    volume = {65},
    doi = {10.1002/aic.16615},
    issn = {15475905},
    keywords = {HVAC control, automation, chemical production scheduling, feedback control, machine learning, model predictive control, process operations}
}

@book{Hyman1982,
    title = {{Charles Babbage: Pioneer of the Computer}},
    year = {1982},
    author = {Hyman, Anthony},
    pages = {287},
    publisher = {Princeton University Press},
    address = {Princeton, NJ}
}

@article{Schnitzer2014,
    title = {{Choosing the metric in high–dimensional spaces based on hub analysis}},
    year = {2014},
    journal = {Proceedings of the 22nd European Symposium on Artificial Neural Networks},
    author = {Schnitzer, Dominik and Flexer, Arthur},
    url = {http://www.ofai.at/cgi-bin/get-tr?download=1&paper=oefai-tr-2014-03.pdf},
    isbn = {9782874190957}
}

@book{Boyd2010,
    title = {{Convex Optimization}},
    year = {2010},
    booktitle = {Optimization Methods and Software},
    author = {Boyd, Stephen and Vandenberghe, Lieven},
    number = {3},
    pages = {487--487},
    volume = {25},
    url = {https://web.stanford.edu/~boyd/cvxbook/bv_cvxbook.pdf},
    isbn = {9780521833783},
    doi = {10.1080/10556781003625177},
    issn = {10556788},
    pmid = {20876008},
    arxivId = {1111.6189v1}
}

@book{Ghavamzadeh2015,
    title = {{Convex Optimization: Algorithms and Complexity}},
    year = {2015},
    booktitle = {Foundations and Trends{\textregistered} in Machine Learning},
    author = {Ghavamzadeh, Mohammed and Mannor, Shie and Pineau, Joelle and Tamar, Aviv},
    number = {5-6},
    pages = {359--483},
    volume = {8},
    url = {http://www.nowpublishers.com/article/Details/MAL-049},
    isbn = {2200000049},
    doi = {10.1561/2200000049},
    issn = {1935-8237},
    pmid = {18255791},
    arxivId = {1405.4980}
}

@book{Ghavamzadeh2015b,
    title = {{Convex Optimization: Algorithms and Complexity}},
    year = {2015},
    booktitle = {Foundations and Trends{\textregistered} in Machine Learning},
    author = {Ghavamzadeh, Mohammed and Mannor, Shie and Pineau, Joelle and Tamar, Aviv},
    number = {5-6},
    pages = {359--483},
    volume = {8},
    url = {http://www.nowpublishers.com/article/Details/MAL-049},
    isbn = {2200000049},
    doi = {10.1561/2200000049},
    issn = {1935-8237},
    pmid = {18255791},
    arxivId = {1405.4980}
}

@article{Gabel2010,
    title = {{Cooperative Multi-Agent Systems from the Reinforcement Learning Perspective—Challenges, Algorithms, and an Application}},
    year = {2010},
    journal = {Algorithmic Methods for Distributed Cooperative {\ldots}},
    author = {Gabel, Thomas},
    pages = {1--5},
    url = {http://vesta.informatik.rwth-aachen.de/opus/volltexte/2010/2426/pdf/09371.GabelThomas.ExtAbstract.2426.pdf},
    keywords = {32, a number of individually, acting, an active research topic, decentralized con-, decentralized decision-making has become, ficial intelligence, in a distributed system, in arti-, job-shop scheduling, multi-agent learning and coordination, multi-agent systems, reinforcement learning, trol}
}

@article{Jain1998,
    title = {{Cyclic Scheduling of Continuous Parallel-Process Units with Decaying Performance}},
    year = {1998},
    journal = {AIChE Journal},
    author = {Jain, Vipul and Grossmann, Ignacio},
    number = {7},
    pages = {1623--1636},
    volume = {44},
    url = {http://onlinelibrary.wiley.com/doi/10.1002/aic.690440714/pdf},
    doi = {10.1002/aic.690440714},
    issn = {00011541}
}

@article{Calfa2014,
    title = {{Data-driven multi-stage scenario tree generation via statistical property and distribution matching}},
    year = {2014},
    journal = {Computers and Chemical Engineering},
    author = {Calfa, B. A. and Agarwal, A. and Grossmann, I. E. and Wassick, J. M.},
    pages = {7--23},
    volume = {68},
    publisher = {Elsevier Ltd},
    url = {http://dx.doi.org/10.1016/j.compchemeng.2014.04.012},
    isbn = {0098-1354},
    doi = {10.1016/j.compchemeng.2014.04.012},
    issn = {00981354},
    keywords = {Analytics, Distribution matching problem, Process systems engineering, Scenario generation, Stochastic programming, Time series forecasting}
}

@misc{Miller2013,
    title = {{Decision Making}},
    year = {2013},
    booktitle = {Encyclopedia of Computational Neuroscience},
    author = {Miller, Paul},
    pages = {942--957},
    publisher = {Springer Verlag}
}

@article{Wang2008,
    title = {{Decision Making in Recurrent Neuronal Circuits}},
    year = {2008},
    journal = {Neuron},
    author = {Wang, Xioa-Jing},
    number = {2},
    pages = {215--234},
    volume = {60},
    url = {https://www.ncbi.nlm.nih.gov/pmc/articles/PMC2710297/}
}

@article{Ikonen2019,
    title = {{Decision-making of online rescheduling procedures using neuroevolution of augmenting topologies}},
    year = {2019},
    journal = {Computers Aided Chemical Engineering},
    author = {Ikonen, Teemu J and Harjunkoski, Iiro},
    pages = {1177--1182},
    volume = {46}
}

@article{Bassett1996,
    title = {{Decomposition Techniques for the Solution of Large-Scale Scheduling Problems}},
    year = {1996},
    journal = {AIChE Journal},
    author = {Bassett, Matthew H. and Pekny, Joseph F. and Reklaitis, Gintaras V.},
    number = {12},
    pages = {3373--3387},
    volume = {42},
    isbn = {0001-1541},
    doi = {10.1002/aic.690421209},
    issn = {00011541},
    pmid = {2824}
}

@book{Goodfellow2016,
    title = {{Deep Learning}},
    year = {2016},
    author = {Goodfellow, Ian and Bengio, Yoshua and Courville, Aaron},
    edition = {1},
    publisher = {MIT Press},
    url = {http://www.deeplearningbook.org},
    address = {Boston, MA}
}

@article{Hasselt2015,
    title = {{Deep Reinforcement Learning with Double Q-Learning}},
    year = {2015},
    author = {van Hasselt, Hado and Guez, Arthur and Silver, David},
    url = {http://arxiv.org/abs/1611.02788},
    isbn = {0004-3702},
    doi = {10.1038/nature16961},
    issn = {10495258},
    pmid = {26150344},
    arxivId = {1611.02788}
}

@article{Li2017,
    title = {{Deep Reinforcement Learning: An Overview}},
    year = {2017},
    author = {Li, Yuxi},
    pages = {1--70},
    url = {http://arxiv.org/abs/1701.07274},
    isbn = {9781509011216},
    doi = {10.1007/978-3-319-56991-8{\_}32},
    issn = {1701.07274},
    pmid = {15040217},
    arxivId = {1701.07274}
}

@article{Albey2015,
    title = {{Demand Modeling with Forecast Evolution: An Application to Production Planning}},
    year = {2015},
    journal = {IEEE Transactions on Semiconductor Manufacturing},
    author = {Albey, Erinc and Norouzi, Amirhosein and Kempf, Karl G. and Uzsoy, Reha},
    number = {3},
    pages = {374--384},
    volume = {28},
    doi = {10.1109/TSM.2015.2453792},
    issn = {08946507},
    keywords = {Forecast updating/evolution, Production planning, demand modeling}
}

@article{Mortazavi2015,
    title = {{Designing of an intelligent self-adaptive model for supply chain ordering management system}},
    year = {2015},
    journal = {Engineering Applications of Artificial Intelligence},
    author = {Mortazavi, Ahmad and Arshadi Khamseh, Alireza and Azimi, Parham},
    pages = {207--220},
    volume = {37},
    publisher = {Elsevier},
    url = {http://dx.doi.org/10.1016/j.engappai.2014.09.004},
    isbn = {09521976},
    doi = {10.1016/j.engappai.2014.09.004},
    issn = {09521976},
    keywords = {Ordering policy Agent based simulation Reinforceme, Supply chain}
}

@article{Silver2014,
    title = {{Deterministic Policy Gradient Algorithms}},
    year = {2014},
    journal = {Proceedings of the 31st International Conference on Machine Learning (ICML-14)},
    author = {Silver, David and Lever, Guy and Heess, Nicolas and Degris, Thomas and Wierstra, Daan and Riedmiller, Martin},
    pages = {387--395},
    isbn = {9781634393973},
    issn = {1938-7228}
}

@article{Ratcliff2016,
    title = {{Diffusion Decision Model: Current Issues and History}},
    year = {2016},
    journal = {Trends in Cognitive Sciences},
    author = {Ratcliff, Roger and Smith, Philip L. and Brown, Scott D. and McKoon, Gail},
    number = {4},
    pages = {260--281},
    volume = {20},
    publisher = {Elsevier Ltd},
    url = {http://dx.doi.org/10.1016/j.tics.2016.01.007},
    isbn = {1879-307X (Electronic){\textbackslash}r1364-6613 (Linking)},
    doi = {10.1016/j.tics.2016.01.007},
    issn = {1879307X},
    pmid = {26952739},
    arxivId = {15334406},
    keywords = {Diffusion model, Nonstationarity, Optimality, Response time}
}

@article{Grossmann2001,
    title = {{Discrete Optimization Methods and their Role in the Integration of Planning and Scheduling}},
    year = {2001},
    journal = {Chemical Engineering},
    author = {Grossmann, Ignacio E and Heever, Susara a Van Den and Harjunkoski, Iiro},
    pages = {1--29},
    volume = {98},
    url = {http://citeseerx.ist.psu.edu/viewdoc/summary?doi=10.1.1.137.8702},
    doi = {10.1.1.137.8702},
    keywords = {mixed integer programming, optimization, planning, scheduling}
}

@article{Merchan2016,
    title = {{Discrete-time mixed-integer programming models and solution methods for production scheduling in multistage facilities}},
    year = {2016},
    journal = {Computers and Chemical Engineering},
    author = {Merchan, Andres F. and Lee, Hojae and Maravelias, Christos T.},
    pages = {387--410},
    volume = {94},
    publisher = {Elsevier Ltd},
    url = {http://dx.doi.org/10.1016/j.compchemeng.2016.04.034},
    doi = {10.1016/j.compchemeng.2016.04.034},
    issn = {00981354},
    keywords = {Reformulations, Resource-constrained project scheduling, Sequential production environments, Tightening constraints}
}

@article{Trentesaux2009,
    title = {{Distributed control of production systems}},
    year = {2009},
    journal = {Engineering Applications of Artificial Intelligence},
    author = {Trentesaux, Damien},
    number = {7},
    pages = {971--978},
    volume = {22},
    publisher = {Elsevier},
    url = {http://dx.doi.org/10.1016/j.engappai.2009.05.001},
    isbn = {0952-1976},
    doi = {10.1016/j.engappai.2009.05.001},
    issn = {09521976},
    keywords = {Decentralized control, Distributed control, Heterarchy, Holonic systems, Multi-agents systems, Production control}
}

@article{Morinelly2016,
    title = {{Dual MPC with Reinforcement Learning}},
    year = {2016},
    journal = {IFAC-PapersOnLine},
    author = {Morinelly, Juan E. and Ydstie, B. Erik},
    number = {7},
    pages = {266--271},
    volume = {49},
    publisher = {Elsevier B.V.},
    url = {http://dx.doi.org/10.1016/j.ifacol.2016.07.276},
    doi = {10.1016/j.ifacol.2016.07.276},
    issn = {24058963},
    keywords = {Adaptive control, approximate dynamic programming, dual control, model predictive control, optimal control, reinforcement learning}
}

@article{Wang2016,
    title = {{Dueling Network Architectures for Deep Reinforcement Learning}},
    year = {2016},
    author = {Wang, Ziyu and Schaul, Tom and Hessel, Mateo and von Hasselt, Hado and Lanctot, Marc and de Freitas, Nando},
    arxivId = {arXiv:1511.06581v3}
}

@article{Bhatia1996,
    title = {{Dynamic optimization in the design and scheduling of multiproduct batch plants}},
    year = {1996},
    journal = {Industrial and Engineering Chemistry Research},
    author = {Bhatia, Tarun and Biegler, Lorenz T.},
    number = {7},
    pages = {2234--2246},
    volume = {35},
    isbn = {0888-5885},
    doi = {10.1021/ie950701i},
    issn = {08885885},
    pmid = {3027},
    keywords = {batch processes, milp, optimization models, short-term scheduling}
}

@article{Aissani2012,
    title = {{Dynamic scheduling for multi-site companies: A decisional approach based on reinforcement multi-agent learning}},
    year = {2012},
    journal = {Journal of Intelligent Manufacturing},
    author = {Aissani, N. and Bekrar, A. and Trentesaux, D. and Beldjilali, B.},
    number = {6},
    pages = {2513--2529},
    volume = {23},
    doi = {10.1007/s10845-011-0580-y},
    issn = {09565515},
    keywords = {Multi-agent system, Multi-site company, Production control, Reinforcement learning, Scheduling}
}

@article{Miller2016,
    title = {{Dynamical systems , attractors , and neural circuits}},
    year = {2016},
    author = {Miller, Paul},
    number = {May},
    pages = {1--18},
    volume = {5},
    doi = {10.12688/f1000research.7698.1}
}

@article{Ernst1996,
    title = {{Efficient algorithms for the uncapacitated single allocationp-hub median problem}},
    year = {1996},
    journal = {Location Science},
    author = {Ernst, Andreas T. and Krishnamoorthy, Mohan},
    number = {3},
    pages = {139--154},
    volume = {4},
    isbn = {0966-8349},
    doi = {10.1016/S0966-8349(96)00011-3},
    issn = {09668349},
    keywords = {Branch-and- bound, Heuristic solution, Hub location, Linear programming, Simulated annealing}
}

@inproceedings{Grossmann2005,
    title = {{Enterprise-wide optimization: A new frontier in process systems engineering}},
    year = {2005},
    booktitle = {AIChE Journal},
    author = {Grossmann, Ignacio},
    number = {7},
    pages = {1846--1857},
    volume = {51},
    isbn = {0001-1541{\textbackslash}n1547-5905},
    doi = {10.1002/aic.10617},
    issn = {00011541}
}

@article{Castro2018,
    title = {{Expanding scope and computational challenges in process scheduling}},
    year = {2018},
    journal = {Computers {\&} Chemical Engineering},
    author = {Castro, Pedro M. and Grossmann, Ignacio E. and Zhang, Qi},
    pages = {14--42},
    volume = {114},
    url = {https://www.sciencedirect.com/science/article/pii/S0098135418300449?via%3Dihub%0Ahttps://linkinghub.elsevier.com/retrieve/pii/S0098135418300449},
    doi = {10.1016/j.compchemeng.2018.01.020},
    issn = {00981354}
}

@article{Choung2017,
    title = {{Exploring Feature Dimensions to Learn a New Policy in an Uninformed Reinforcement Learning Task}},
    year = {2017},
    journal = {Scientific Reports},
    author = {Choung, Oh Hyeon and Lee, Sang Wan and Jeong, Yong},
    number = {1},
    pages = {1--12},
    volume = {7},
    publisher = {Springer US},
    url = {http://dx.doi.org/10.1038/s41598-017-17687-2},
    doi = {10.1038/s41598-017-17687-2},
    issn = {20452322}
}

@book{Bellman1984,
    title = {{Eye of the hurricane : an autobiography}},
    year = {1984},
    author = {Bellman, Richard},
    pages = {344},
    publisher = {World Scientific Publishing},
    address = {Singapore},
    isbn = {997196600X}
}

@article{Ydstie1990,
    title = {{Forecasting and Control Using}},
    year = {1990},
    journal = {Computers {\&} Chemical Engineering},
    author = {Ydstie, B E and Introduction, I},
    number = {415},
    pages = {583--599},
    volume = {14}
}

@article{Gupta2016a,
    title = {{From rescheduling to online scheduling}},
    year = {2016},
    journal = {Chemical Engineering Research and Design},
    author = {Gupta, Dhruv and Maravelias, Christos T. and Wassick, John M.},
    pages = {83--97},
    volume = {116},
    publisher = {Institution of Chemical Engineers},
    url = {http://dx.doi.org/10.1016/j.cherd.2016.10.035},
    doi = {10.1016/j.cherd.2016.10.035},
    issn = {02638762},
    keywords = {Chemical production scheduling, Process uncertainty and disturbances, Re-optimization}
}

@article{Saha2011,
    title = {{Fuzzy clustering of physicochemical and biochemical properties of amino Acids.}},
    year = {2011},
    journal = {Amino acids},
    author = {Saha, Indrajit and Maulik, Ujjwal and Bandyopadhyay, Sanghamitra and Plewczynski, Dariusz},
    pages = {55--72},
    url = {http://www.ncbi.nlm.nih.gov/pubmed/22067434},
    doi = {10.1007/s00726-011-1106-9},
    issn = {1438-2199},
    pmid = {21993537}
}

@article{Palombarini2018,
    title = {{Generating Rescheduling Knowledge using Reinforcement Learning in a Cognitive Architecture 2 Real-time Rescheduling in Soar Cognitive Architecture}},
    year = {2018},
    journal = {arXiv preprint},
    author = {Palombarini, Jorge and Barsce, Juan Cruz and Martinez, Ernesto},
    arxivId = {1805.04752},
    keywords = {cognitive architecture, inforcement learning, manufacturing systems, re-, rescheduling, soar}
}

@article{Pontrandolfo2002,
    title = {{Global Supply Chain Management: A Reinforcement Learning Approach}},
    year = {2002},
    journal = {International Journal of Production Research},
    author = {Pontrandolfo, Pierpaolo and Gosavi, Abhijit and Okogbaa, O. Geoffrey and Das, Tapas K},
    number = {813},
    pages = {1266--1317},
    volume = {40},
    url = {http://citeseerx.ist.psu.edu/viewdoc/summary?doi=10.1.1.60.1096},
    isbn = {0925-5273},
    doi = {10.1080/00207540110118640},
    issn = {0020-7543},
    pmid = {13478},
    arxivId = {cond-mat/9906032}
}

@misc{Gurobi2018,
    title = {{Gurobi}},
    year = {2018},
    author = {{Gurobi Optimization LLC}},
    url = {https://www.gurobi.com}
}

@article{Schulman2016,
    title = {{High-dimensional continuous control using generalized advantage estimation}},
    year = {2016},
    author = {Schulman, John and Moritz, Philipp and Levine, Sergey and Jordan, Michael I and Abbeel, Pieter},
    pages = {1--14},
    url = {https://arxiv.org/pdf/1506.02438.pdf},
    arxivId = {arXiv:1506.02438v5}
}

@article{Farahani2013,
    title = {{Hub location problems: A review of models, classification, solution techniques, and applications}},
    year = {2013},
    journal = {Computers and Industrial Engineering},
    author = {Farahani, Reza Zanjirani and Hekmatfar, Masoud and Arabani, Alireza Boloori and Nikbakhsh, Ehsan},
    number = {4},
    pages = {1096--1109},
    volume = {64},
    url = {http://dx.doi.org/10.1016/j.cie.2013.01.012},
    isbn = {0360-8352},
    doi = {10.1016/j.cie.2013.01.012},
    issn = {03608352},
    pmid = {25246403},
    arxivId = {arXiv:1011.1669v3},
    keywords = {Facility location, Hub network, Mathematical formulation, Survey}
}

@article{Mnih2015,
    title = {{Human-level control through deep reinforcement learning}},
    year = {2015},
    journal = {Nature},
    author = {Mnih, Volodymyr and Kavukcuoglu, Koray and Silver, David and Rusu, Andrei A. and Veness, Joel and Bellemare, Marc G. and Graves, Alex and Riedmiller, Martin and Fidjeland, Andreas K. and Ostrovski, Georg and Peterson, Stig and Beattie, Charles and Sadik, Amir and Antonoglou, Ioannis and King, Helen and Kumaran, Dharshan and Wierstra, Daan and Legg, Shane and Hassabis, Demis},
    pages = {529--541},
    volume = {518},
    publisher = {Nature Publishing Group},
    url = {http://dx.doi.org/10.1038/nature14236},
    isbn = {1476-4687 (Electronic) 0028-0836 (Linking)},
    doi = {10.1038/nature14236},
    issn = {10450823},
    pmid = {25719670},
    arxivId = {1604.03986}
}

@article{Calfa2013,
    title = {{Hybrid bilevel-lagrangean decomposition scheme for the integration of planning and scheduling of a network of batch plants}},
    year = {2013},
    journal = {Industrial and Engineering Chemistry Research},
    author = {Calfa, Bruno A. and Agarwal, Anshul and Grossmann, Ignacio E. and Wassick, John M.},
    number = {5},
    pages = {2152--2167},
    volume = {52},
    isbn = {0888-5885},
    doi = {10.1021/ie302788g},
    issn = {08885885}
}

@inproceedings{Nishkin2017,
    title = {{Improving Stability in Deep Reinforcement Learning with Weight Averaging}},
    year = {2017},
    author = {Nikishin, Evgenii and Izmailov, Pavel and Athiwaratkun, Ben and Podoprikhin, Dmitrii and Garipov, Timur and Shvechikov, Pavel and Vetrov, Dmitry and Wilson, Andrew Gordon}
}

@article{Frazier2014,
    title = {{Incentivizing exploration}},
    year = {2014},
    journal = {Proceedings of the fifteenth ACM conference on Economics and computation - EC '14},
    author = {Frazier, Peter and Kempe, David and Kleinberg, Jon and Kleinberg, Robert},
    pages = {5--22},
    url = {http://dl.acm.org/citation.cfm?id=2600057.2602897},
    isbn = {9781450325653},
    doi = {10.1145/2600057.2602897},
    keywords = {crowdsourcing, exploration, incentives, multi-armed bandit problems}
}

@article{Pouget2000,
    title = {{Information Processing with Population Codes}},
    year = {2000},
    journal = {Nature},
    author = {Pouget, Alexandre and Dayan, Peter and Zemel, Richard},
    number = {November},
    pages = {125--132},
    volume = {1}
}

@article{Campbell1994,
    title = {{Integer programming formulations of discrete hub location problems}},
    year = {1994},
    journal = {European Journal of Operational Research},
    author = {Campbell, James F.},
    number = {2},
    pages = {387--405},
    volume = {72},
    isbn = {0377-2217},
    doi = {10.1016/0377-2217(94)90318-2},
    issn = {03772217},
    keywords = {Hub location, Integer programming, Location}
}

@article{Badell1998,
    title = {{Integrated on line production and financial scheduling with intelligent autonomous agent based information system}},
    year = {1998},
    journal = {Computers {\&} Chemical Engineering},
    author = {Badell, M. and Nougues, J. M. and Puigjaner, L.},
    number = {98},
    pages = {S271-S277},
    volume = {22},
    doi = {10.1016/S0098-1354(98)00064-7},
    issn = {0098-1354},
    keywords = {autonomous web-based, cash-flow, financial scheduling, networked enterprise, transaction-oriented}
}

@article{Badell1998b,
    title = {{Integrated on line production and financial scheduling with intelligent autonomous agent based information system}},
    year = {1998},
    journal = {Computers {\&} Chemical Engineering},
    author = {Badell, M. and Nougues, J. M. and Puigjaner, L.},
    number = {98},
    pages = {S271-S277},
    volume = {22},
    doi = {10.1016/S0098-1354(98)00064-7},
    issn = {0098-1354},
    keywords = {autonomous web-based, cash-flow, financial scheduling, networked enterprise, transaction-oriented}
}

@article{Verderame2008,
    title = {{Integrated operational planning and medium-term scheduling for large-scale industrial batch plants}},
    year = {2008},
    journal = {Industrial and Engineering Chemistry Research},
    author = {Verderame, P.A. and Floudas, C.A.},
    pages = {4845--4860},
    volume = {47}
}

@article{Maravelias2009,
    title = {{Integration of production planning and scheduling: Overview, challenges and opportunities}},
    year = {2009},
    journal = {Computers and Chemical Engineering},
    author = {Maravelias, Christos T. and Sung, Charles},
    number = {12},
    pages = {1919--1930},
    volume = {33},
    isbn = {0098-1354},
    doi = {10.1016/j.compchemeng.2009.06.007},
    issn = {00981354},
    keywords = {Mixed-integer programming, Production planning, Scheduling, Supply chain management}
}

@article{Harjunkoski2009,
    title = {{Integration of scheduling and control-Theory or practice?}},
    year = {2009},
    journal = {Computers and Chemical Engineering},
    author = {Harjunkoski, Iiro and Nystr{\"{o}}m, Rasmus and Horch, Alexander},
    number = {12},
    pages = {1909--1918},
    volume = {33},
    isbn = {0098-1354},
    doi = {10.1016/j.compchemeng.2009.06.016},
    issn = {00981354},
    keywords = {Decision layer integration, Planning, Scheduling and control}
}

@article{Jacquillat2017,
    title = {{Inter-airline Equity in Airport Scheduling Interventions}},
    year = {2017},
    journal = {Transportation Science},
    author = {Jacquillat, Alexandre and Vaze, V.},
    pages = {under review},
    volume = {2007},
    url = {http://hdl.handle.net/1721.1/103031},
    doi = {Also available as MIT Engineering Systems Division (ESD) Working Paper Series},
    keywords = {airport demand management, dynamic programming, efficiency-equity trade-off, integer, inter-airline equity, programming, queuing model}
}

@book{Birge1997,
    title = {{Introduction to stochastic programming}},
    year = {1997},
    author = {Birge, J.R. and Louveaux, F.V.},
    publisher = {Springer},
    address = {New York}
}

@article{Lu2006,
    title = {{Inventory planning with forecast updates: Approximate solutions and cost error bounds}},
    year = {2006},
    journal = {Operations Research},
    author = {Lu, Xiangwen and Song, Jing Sheng and Regan, Amelia},
    number = {6},
    pages = {1079--1097},
    volume = {54},
    doi = {10.1287/opre.1060.0338},
    issn = {0030364X},
    keywords = {Approximation, Error bounds, Forecasting, Inventory, MMFE}
}

@inproceedings{Khalil2016a,
    title = {{Learning to Branch in Mixed Integer Programming}},
    year = {2016},
    booktitle = {Proceedings of the Thirtieth AAAI Conference on Artificial Intelligence},
    author = {Khalil, Elias B and Bodic, Pierre Le and Song, Le and Nemhauser, George and Dilkina, Bistra},
    pages = {724--731},
    keywords = {Technical Papers: Heuristic Search and Optimizatio}
}

@book{Shapiro2009,
    title = {{Lectures on Stochastic Programming: Modeling and Theory}},
    year = {2009},
    author = {Shapiro, Alex and Dentcheva, Darinka and Ruszczynski, Andrzej},
    edition = {1},
    publisher = {SIAM},
    address = {Philadelphia},
    isbn = {9780898716870}
}

@article{Lima2011,
    title = {{Long-term scheduling of a single-unit multi-product continuous process to manufacture high performance glass}},
    year = {2011},
    journal = {Computers and Chemical Engineering},
    author = {Lima, Ricardo M. and Grossmann, Ignacio E. and Jiao, Yu},
    number = {3},
    pages = {554--574},
    volume = {35},
    isbn = {0098-1354},
    doi = {10.1016/j.compchemeng.2010.06.011},
    issn = {00981354},
    keywords = {Glass production, MILP, Multi-product continuous plants, Planning, Scheduling}
}

@article{Bengio2018,
    title = {{Machine Learning for Combinatorial Optimization : a Methodological Tour d’Horizon}},
    year = {2018},
    author = {Bengio, Yoshua and Lodi, Andrea and Prouvost, Antoine},
    pages = {1--34},
    arxivId = {arXiv:1811.06128v1}
}

@inproceedings{Khalil2016b,
    title = {{Machine Learning for Integer Programming}},
    year = {2016},
    booktitle = {Proceedings of the Twenty-Fifth International Joint Conference on Artificial Intelligence},
    author = {Khalil, Elias B},
    pages = {4004--4005}
}

@article{Lee2018,
    title = {{Machine learning: Overview of the recent progresses and implications for the process systems engineering field}},
    year = {2018},
    journal = {Computers and Chemical Engineering},
    author = {Lee, Jay H. and Shin, Joohyun and Realff, Matthew J.},
    pages = {111--121},
    volume = {114},
    publisher = {Elsevier Ltd},
    url = {http://dx.doi.org/10.1016/j.compchemeng.2017.10.008},
    doi = {10.1016/j.compchemeng.2017.10.008},
    issn = {00981354},
    keywords = {Deep learning, Machine learning, Process systems engineering, Reinforcement learning, Stochastic decision problems}
}

@article{Nair2015,
    title = {{Massively Parallel Methods for Deep Reinforcement Learning}},
    year = {2015},
    author = {Nair, Arun and Srinivasan, Praveen and Blackwell, Sam and Alcicek, Cagdas and Fearon, Rory and De Maria, Alessandro and Panneershelvam, Vedavyas and Suleyman, Mustafa and Beattie, Charles and Petersen, Stig and Legg, Shane and Mnih, Volodymyr and Kavukcuoglu, Koray and Silver, David},
    url = {http://arxiv.org/abs/1507.04296},
    isbn = {9781509006205},
    doi = {10.1109/IJCNN.2010.5596468},
    issn = {1098-7576},
    pmid = {25719670},
    arxivId = {1507.04296}
}

@article{Nair2015b,
    title = {{Massively Parallel Methods for Deep Reinforcement Learning}},
    year = {2015},
    author = {Nair, Arun and Srinivasan, Praveen and Blackwell, Sam and Alcicek, Cagdas and Fearon, Rory and De Maria, Alessandro and Panneershelvam, Vedavyas and Suleyman, Mustafa and Beattie, Charles and Petersen, Stig and Legg, Shane and Mnih, Volodymyr and Kavukcuoglu, Koray and Silver, David},
    url = {http://arxiv.org/abs/1507.04296},
    isbn = {9781509006205},
    doi = {10.1109/IJCNN.2010.5596468},
    issn = {1098-7576},
    pmid = {25719670},
    arxivId = {1507.04296}
}

@article{Silver2017,
    title = {{Mastering Chess and Shogi by Self-Play with a General Reinforcement Learning Algorithm}},
    year = {2017},
    author = {Silver, David and Hubert, Thomas and Schrittwieser, Julian and Antonoglou, Ioannis and Lai, Matthew and Guez, Arthur and Lanctot, Marc and Sifre, Laurent and Kumaran, Dharshan and Graepel, Thore and Lillicrap, Timothy and Simonyan, Karen and Hassabis, Demis},
    pages = {1--19},
    url = {http://arxiv.org/abs/1712.01815},
    isbn = {3013372370},
    doi = {10.1002/acn3.501},
    issn = {23289503},
    pmid = {29376095},
    arxivId = {1712.01815}
}

@article{Silver2017b,
    title = {{Mastering Chess and Shogi by Self-Play with a General Reinforcement Learning Algorithm}},
    year = {2017},
    author = {Silver, David and Hubert, Thomas and Schrittwieser, Julian and Antonoglou, Ioannis and Lai, Matthew and Guez, Arthur and Lanctot, Marc and Sifre, Laurent and Kumaran, Dharshan and Graepel, Thore and Lillicrap, Timothy and Simonyan, Karen and Hassabis, Demis},
    pages = {1--19},
    url = {http://arxiv.org/abs/1712.01815},
    arxivId = {1712.01815}
}

@article{Silver2016,
    title = {{Mastering the game of Go with deep neural networks and tree search}},
    year = {2016},
    journal = {Nature},
    author = {Silver, David and Huang, Aja and Maddison, Chris J and Guez, Arthur and Sifre, Laurent and Driessche, George Van Den and Schrittwieser, Julian and Antonoglou, Ioannis and Panneershelvam, Veda and Lanctot, Marc and Dieleman, Sander and Grewe, Dominik and Nham, John and Kalchbrenner, Nal and Sutskever, Ilya and Lillicrap, Timothy and Leach, Madeleine and Kavukcuoglu, Koray},
    number = {7585},
    pages = {484--489},
    volume = {529},
    publisher = {Nature Publishing Group},
    url = {http://dx.doi.org/10.1038/nature16961},
    doi = {10.1038/nature16961},
    issn = {0028-0836}
}

@article{Silver2017a,
    title = {{Mastering the game of Go without human knowledge}},
    year = {2017},
    journal = {Nature},
    author = {Silver, David and Schrittwieser, Julian and Simonyan, Karen and Antonoglou, Ioannis and Huang, Aja and Guez, Arthur and Hubert, Thomas and Baker, Lucas and Lai, Matthew and Bolton, Adrian and Chen, Yutian and Lillicrap, Timothy and Hui, Fan and Sifre, Laurent and Van Den Driessche, George and Graepel, Thore and Hassabis, Demis},
    number = {7676},
    pages = {354--359},
    volume = {550},
    publisher = {Nature Publishing Group},
    url = {http://dx.doi.org/10.1038/nature24270},
    isbn = {3013372370},
    doi = {10.1038/nature24270},
    issn = {14764687},
    pmid = {29052630},
    arxivId = {1610.00633}
}

@article{Kantorovich1960,
    title = {{Mathematical Methods of Organizing and Planning Production Author}},
    year = {1960},
    journal = {Management Science},
    author = {Kantorovich, L. V.},
    number = {4},
    pages = {366--422},
    volume = {6},
    url = {http://www.jstor.org/stable/2627082}
}

@article{Liu2010,
    title = {{MILP-based approaches for medium-term planning of single-stage continuous multiproduct plants with parallel units}},
    year = {2010},
    journal = {Computational Management Science},
    author = {Liu, Songsong and Pinto, Jose M. and Papageorgiou, Lazaros G.},
    number = {4},
    pages = {407--435},
    volume = {7},
    doi = {10.1007/s10287-009-0096-5},
    issn = {1619697X},
    keywords = {Hybrid time representation, Mixed-integer linear programming, Parallel machines, Rolling horizon, Scheduling, Traveling salesman problem}
}

@article{Sahinidis1991,
    title = {{MINLP model for cyclic multiproduct scheduling on continuous parallel lines}},
    year = {1991},
    journal = {Computers and Chemical Engineering},
    author = {Sahinidis, N. V. and Grossmann, I. E.},
    number = {2},
    pages = {85--103},
    volume = {15},
    isbn = {0098-1354},
    doi = {10.1016/0098-1354(91)87008-W},
    issn = {00981354}
}

@article{Ku2016,
    title = {{Mixed Integer Programming models for job shop scheduling: A computational analysis}},
    year = {2016},
    journal = {Computers and Operations Research},
    author = {Ku, Wen Yang and Beck, J. Christopher},
    pages = {165--173},
    volume = {73},
    publisher = {Elsevier},
    url = {http://dx.doi.org/10.1016/j.cor.2016.04.006},
    doi = {10.1016/j.cor.2016.04.006},
    issn = {03050548},
    keywords = {Constraint programming, Job shop scheduling, Mixed Integer Programming}
}

@article{Alle2002,
    title = {{Mixed-integer programming models for the scheduling and operational optimization of multiproduct continuous plants}},
    year = {2002},
    journal = {Industrial and Engineering Chemistry Research},
    author = {Alle, A. and Pinto, J. M.},
    number = {11},
    pages = {2689--2704},
    volume = {41},
    isbn = {0888-5885},
    doi = {10.1021/ie0106480},
    issn = {08885885},
    pmid = {2983}
}

@article{Degris2012,
    title = {{Model-Free reinforcement learning with continuous action in practice}},
    year = {2012},
    journal = {2012 American Control Conference (ACC)},
    author = {Degris, T. and Pilarski, P.M. and Sutton, R.S.},
    pages = {2177--2182},
    url = {http://ieeexplore.ieee.org/document/6315022/},
    isbn = {978-1-4577-1096-4},
    doi = {10.1109/ACC.2012.6315022},
    issn = {07431619}
}

@article{Sand2004,
    title = {{Modeling and solving real-time scheduling problems by stochastic integer programming}},
    year = {2004},
    journal = {Computers and Chemical Engineering},
    author = {Sand, G. and Engell, S.},
    number = {6-7},
    pages = {1087--1103},
    volume = {28},
    isbn = {0098-1354},
    doi = {10.1016/j.compchemeng.2003.09.009},
    issn = {00981354},
    keywords = {Batch scheduling, Stochastic integer programming, Uncertainty}
}

@article{Gabel2009,
    title = {{Multi-Agent Reinforcement Learning Approaches for Distributed Job-Shop Scheduling Problems}},
    year = {2009},
    journal = {University of Osnabruck, Germany},
    author = {Gabel, Thomas},
    pages = {173},
    url = {http://repositorium.uni-osnabrueck.de/bitstream/urn:nbn:de:gbv:700-2009081216/2/E-Diss925_thesis.pdf}
}

@article{Yenisey2014,
    title = {{Multi-objective permutation flow shop scheduling problem: Literature review, classification and current trends}},
    year = {2014},
    journal = {Omega (United Kingdom)},
    author = {Yenisey, Mehmet Mutlu and Yagmahan, Betul},
    pages = {119--135},
    volume = {45},
    publisher = {Elsevier},
    url = {http://dx.doi.org/10.1016/j.omega.2013.07.004},
    doi = {10.1016/j.omega.2013.07.004},
    issn = {03050483},
    keywords = {Flow shop, Literature review, Multi-objective, Research directions, Scheduling}
}

@article{Alvarez2007,
    title = {{Multi-plant production scheduling in SMEs}},
    year = {2007},
    journal = {Robotics and Computer-Integrated Manufacturing},
    author = {Alvarez, Esther},
    number = {6},
    pages = {608--613},
    volume = {23},
    isbn = {0736-5845{\textbackslash}r1879-2537},
    doi = {10.1016/j.rcim.2007.02.006},
    issn = {07365845},
    keywords = {Collaborative planning, Multi-plant dynamic scheduling}
}

@article{Stefansson2006,
    title = {{Multiscale planning and scheduling in the secondary pharmaceutical industry}},
    year = {2006},
    journal = {AIChE Journal},
    author = {Stefansson, H and Shah, N and Jensson, P},
    pages = {4133--4149},
    volume = {52}
}

@article{Alumur2008,
    title = {{Network hub location problems: The state of the art}},
    year = {2008},
    journal = {European Journal of Operational Research},
    author = {Alumur, Sibel and Kara, Bahar Y.},
    number = {1},
    pages = {1--21},
    volume = {190},
    isbn = {0377-2217},
    doi = {10.1016/j.ejor.2007.06.008},
    issn = {03772217},
    pmid = {25246403},
    arxivId = {arXiv:1011.1669v3},
    keywords = {Hub location, Network location, Survey}
}

@article{Krakauer2017,
    title = {{Neuroscience Needs Behavior: Correcting a Reductionist Bias}},
    year = {2017},
    journal = {Neuron},
    author = {Krakauer, John W. and Ghazanfar, Asif A. and Gomez-Marin, Alex and MacIver, Malcolm A. and Poeppel, David},
    number = {3},
    pages = {480--490},
    volume = {93},
    publisher = {Elsevier Inc.},
    url = {http://dx.doi.org/10.1016/j.neuron.2016.12.041},
    isbn = {doi:10.1016/j.neuron.2016.12.041},
    doi = {10.1016/j.neuron.2016.12.041},
    issn = {10974199},
    pmid = {28182904},
    arxivId = {arXiv:1011.1669v3}
}

@article{Marin2006,
    title = {{New formulations for the uncapacitated multiple allocation hub location problem}},
    year = {2006},
    journal = {European Journal of Operational Research},
    author = {Mar{\'{i}}n, Alfredo and C{\'{a}}novas, Lázaro and Landete, Mercedes},
    number = {1},
    pages = {274--292},
    volume = {172},
    isbn = {0377-2217},
    doi = {10.1016/j.ejor.2004.09.047},
    issn = {03772217},
    keywords = {Hub location, Integer programming, Intersection graph, Set packing}
}

@book{Biegler2010,
    title = {{Nonlinear Programming: Concepts, Algorithms, and Applications to Chemical Processes}},
    year = {2010},
    author = {Biegler, Lorenz T.},
    publisher = {SIAM},
    address = {Philadelphia}
}

@article{Newell,
    title = {{NOTICE WARNING CONCERNING COPYRIGHT RESTRICTIONS: The copyright law of the United States (title 17, U.S. Code) governs the making of photocopies or other reproductions of copyrighted material. Any copying of this document without permission of its author }},
    author = {Newell, Allen},
    url = {https://pdfs.semanticscholar.org/0490/ef49e722facb408fb60e2fd4d8f193165bcc.pdf},
    keywords = {Human information processing.}
}

@article{Sornette2008,
    title = {{Nurturing breakthroughs: Lessons from complexity theory}},
    year = {2008},
    journal = {Journal of Economic Interaction and Coordination},
    author = {Sornette, D.},
    number = {2},
    month = {12},
    pages = {165--181},
    volume = {3},
    doi = {10.1007/s11403-008-0040-8},
    issn = {1860711X}
}

@article{Konda2003,
    title = {{On Actor-Critic Algorithms}},
    year = {2003},
    journal = {Control Optim},
    author = {Konda, Vijay R and Tsitsiklis, John N},
    number = {4},
    pages = {1143--1166},
    volume = {42},
    isbn = {0363-0129},
    doi = {10.1137/S0363012901385691},
    issn = {0363-0129},
    pmid = {21222527},
    arxivId = {1607.07086},
    keywords = {actor-critic algorithms, markov decision processes, reinforcement learning, stochas-}
}

@article{Gupta2016,
    title = {{On deterministic online scheduling: Major considerations, paradoxes and remedies}},
    year = {2016},
    journal = {Computers and Chemical Engineering},
    author = {Gupta, Dhruv and Maravelias, Christos T.},
    pages = {312--330},
    volume = {94},
    publisher = {Elsevier Ltd},
    url = {http://dx.doi.org/10.1016/j.compchemeng.2016.08.006},
    isbn = {9781510834323},
    doi = {10.1016/j.compchemeng.2016.08.006},
    issn = {00981354},
    keywords = {Chemical production scheduling, Closed-loop solution, Mixed-integer programming, Rescheduling}
}

@article{Brockman2016,
    title = {{OpenAI Gym}},
    year = {2016},
    author = {Brockman, Greg and Cheung, Vicki and Pettersson, Ludwig and Schneider, Jonas and Schulman, John and Tang, Jie and Zaremba, Wojciech},
    pages = {1--4},
    url = {http://arxiv.org/abs/1606.01540},
    doi = {10.1241/johokanri.44.113},
    issn = {00217298},
    arxivId = {1606.01540}
}

@article{Pinto1994,
    title = {{Optimal cyclic scheduling of multistage continuous multiproduct plants}},
    year = {1994},
    journal = {Computers and Chemical Engineering},
    author = {Pinto, J. M. and Grossmann, I. E.},
    number = {9},
    pages = {797--816},
    volume = {18},
    isbn = {0098-1354},
    doi = {10.1016/0098-1354(93)E0021-Z},
    issn = {00981354}
}

@inproceedings{Sahinidis2004,
    title = {{Optimization under uncertainty: State-of-the-art and opportunities}},
    year = {2004},
    booktitle = {Computers and Chemical Engineering},
    author = {Sahinidis, Nikolaos V},
    number = {6-7},
    pages = {971--983},
    volume = {28},
    isbn = {0098-1354},
    doi = {10.1016/j.compchemeng.2003.09.017},
    issn = {00981354},
    keywords = {Approximation algorithms, Fuzzy programming, Global optimization, Stochastic dynamic programming, Stochastic programming}
}

@article{Giritligil1999,
    title = {{Overview of planning and scheduling of batch process operations}},
    year = {1999},
    journal = {Proceedings of 5th IFAC Symposium. Dynamics and Control of Process Systems 1998 (2 Volume Set), 8-10 June 1998},
    author = {Giritligil, S and Cesur, S and Kuryel, B},
    pages = {455},
    volume = {vol.2},
    isbn = {0 08 043230 1},
    pmid = {397},
    keywords = {batch processing (industrial), chemical industry, manufacture, planning, process control, production, production control, scheduling}
}

@article{Benders1962,
    title = {{Partitioning procedures for solving mixed-variables programming problems}},
    year = {1962},
    journal = {Numerische Mathematik},
    author = {Benders, J.F.},
    pages = {238--252},
    volume = {4},
    isbn = {0029-599X},
    doi = {10.1007/BF01386316},
    issn = {0029-599X}
}

@book{Bishop2006,
    title = {{Pattern Recognition and Machine Learning}},
    year = {2006},
    author = {Bishop, Christopher M.},
    publisher = {Springer},
    address = {Heidelberg}
}

@article{Hanks2017,
    title = {{Perceptual Decision Making in Rodents, Monkeys, and Humans}},
    year = {2017},
    journal = {Neuron},
    author = {Hanks, Timothy D. and Summerfield, Christopher},
    number = {1},
    pages = {15--31},
    volume = {93},
    publisher = {Elsevier Inc.},
    url = {http://dx.doi.org/10.1016/j.neuron.2016.12.003},
    isbn = {1097-4199 (Electronic){\textbackslash}r0896-6273 (Linking)},
    doi = {10.1016/j.neuron.2016.12.003},
    issn = {10974199},
    pmid = {28056343},
    arxivId = {073734},
    keywords = {confidence, decision making, functional neuroimaging, human, non-human primate, parietal cortex, psychophysics, rodent, single-cell recordings}
}

@article{Verderame2010,
    title = {{Planning and Scheduling under Uncertainty}},
    year = {2010},
    journal = {Industrial {\&} engineering chemistry research},
    author = {Verderame P. M. , Elia J. A. , Li J., Floudas C. A.},
    number = {9},
    pages = {3993--4017},
    volume = {49},
    issn = {0888-5885}
}

@article{Erdirik-Dogan2007,
    title = {{Planning models for parallel batch reactors with sequence-dependent changeovers}},
    year = {2007},
    journal = {AIChE Journal},
    author = {Erdirik-Dogan, Muge and Grossmann, Ignacio E},
    number = {9},
    pages = {2284--2300},
    volume = {53},
    doi = {10.1002/aic.11249},
    issn = {00011541},
    keywords = {Batch operations, Mixed-integer programming, Planning, Scheduling}
}

@article{Badell2004,
    title = {{Planning, scheduling and budgeting value-added chains}},
    year = {2004},
    journal = {Computers and Chemical Engineering},
    author = {Badell, M. and Romero, J. and Huertas, R. and Puigjaner, L.},
    number = {1-2},
    pages = {45--61},
    volume = {28},
    isbn = {0098-1354},
    doi = {10.1016/S0098-1354(03)00163-7},
    issn = {00981354},
    keywords = {Batch process industry, Budgeting, Financial integration, Planning, Scheduling, Value-added chain}
}

@article{Shobrys2002,
    title = {{Planning, scheduling and control systems: Why cannot they work together}},
    year = {2002},
    journal = {Computers and Chemical Engineering},
    author = {Shobrys, Donald E. and White, Douglas C.},
    number = {2},
    pages = {149--160},
    volume = {26},
    isbn = {0098-1354},
    doi = {10.1016/S0098-1354(01)00737-2},
    issn = {00981354},
    keywords = {Advanced control, Change management, On line optimization, Production planning, Production scheduling, System integration}
}

@article{Sutton1999,
    title = {{Policy Gradient Methods for Reinforcement Learning with Function Approximation}},
    year = {1999},
    journal = {In Advances in Neural Information Processing Systems 12},
    author = {Sutton, Richard S. and Mcallester, David and Singh, Satinder and Mansour, Yishay},
    pages = {1057--1063},
    isbn = {0-262-19450-3},
    doi = {10.1.1.37.9714},
    issn = {0047-2875}
}

@article{Li2008a,
    title = {{Process scheduling under uncertainty: Review and challenges}},
    year = {2008},
    journal = {Computers and Chemical Engineering},
    author = {Li, Zukui and Ierapetritou, Marianthi},
    number = {4-5},
    pages = {715--727},
    volume = {32},
    isbn = {0098-1354},
    doi = {10.1016/j.compchemeng.2007.03.001},
    issn = {00981354},
    keywords = {Parametric programming, Process uncertainty, Reactive scheduling, Robust optimization, Sensitivity analysis, Stochastic scheduling}
}

@article{Li2010,
    title = {{Production planning and scheduling integration through augmented Lagrangian optimization}},
    year = {2010},
    journal = {Computers and Chemical Engineering},
    author = {Li, Zukui and Ierapetritou, Marianthi G.},
    number = {6},
    pages = {996--1006},
    volume = {34},
    publisher = {Elsevier Ltd},
    url = {http://dx.doi.org/10.1016/j.compchemeng.2009.11.016},
    isbn = {0098-1354},
    doi = {10.1016/j.compchemeng.2009.11.016},
    issn = {00981354},
    keywords = {Augmented Lagrangian relaxation, Decomposition method, Planning and scheduling integration}
}

@article{Bierwirth1999,
    title = {{Production Scheduling and Rescheduling with Genetic Algorithms}},
    year = {1999},
    journal = {Evolutionary Computation},
    author = {Bierwirth, Christian and Mattfeld, Dirk C.},
    number = {1},
    pages = {1--17},
    volume = {7},
    url = {http://www.mitpressjournals.org/doi/10.1162/evco.1999.7.1.1},
    isbn = {1063-6560},
    doi = {10.1162/evco.1999.7.1.1},
    issn = {1063-6560},
    pmid = {10199993},
    keywords = {dynamic scheduling, genetic algorithm, job shop scheduling prob-, lem, permutation representation, tunable decoding}
}

@article{Boland2016,
    title = {{Proximity Benders: a decomposition heuristic for stochastic programs}},
    year = {2016},
    journal = {Journal of Heuristics},
    author = {Boland, Natashia and Fischetti, Matteo and Monaci, Michele and Savelsbergh, Martin},
    number = {2},
    pages = {181--198},
    volume = {22},
    publisher = {Springer US},
    isbn = {0007-0912},
    doi = {10.1007/s10732-015-9306-1},
    issn = {15729397},
    keywords = {Benders decomposition, Heuristics, Integer programming, Stochastic programming}
}

@book{Hart2017,
    title = {{Pyomo — Optimization Modeling in Python}},
    author = {Hart, William E and Laird, Carl D and Woodruff, David L and Hackebeil, Gabriel A and Nicholson, Bethany L and Siirola, John D},
    edition = {2nd},
    publisher = {Springer},
    address = {Cham, Switzerland},
    isbn = {9783319588193}
}

@article{Watkins1992,
    title = {{Q Learning}},
    year = {1992},
    journal = {Machine Learning},
    author = {Watkins, Christopher J C H and Dayan, Peter},
    pages = {279--292},
    volume = {8},
    url = {http://www.gatsby.ucl.ac.uk/~dayan/papers/cjch.pdf},
    isbn = {978-1-4613-6608-9},
    doi = {10.1023/A:1022676722315},
    issn = {15730565},
    pmid = {7761831},
    arxivId = {1412.3409},
    keywords = {asynchronous dynamic programming, q -learning, reinforcement learning, temporal differences}
}

@article{Moritz2018,
    title = {{Ray: A Distributed Framework for Emerging AI Applications}},
    year = {2018},
    author = {Moritz, Philipp and Nishihara, Robert and Wang, Stephanie and Tumanov, Alexey and Liaw, Richard and Liang, Eric and Elibol, Melih and Yang, Zongheng and Paul, William and Jordan, Michael I. and Stoica, Ion},
    url = {http://arxiv.org/abs/1712.05889},
    arxivId = {1712.05889}
}

@article{Palombarini2011,
    title = {{Real-Time Rescheduling of Production Systems Using Relational Reinforcement Learning}},
    year = {2011},
    journal = {Iberoamerican Journal of Industrial Engineering},
    author = {Palombarini, J. and Martinez, E.},
    number = {6},
    pages = {136--153},
    volume = {3},
    url = {http://www.bibliotekevirtual.org/index.php/2013-02-07-03-02-35/2013-02-07-03-03-11/178-ijie/v03n06/877-v03n06a09.html},
    doi = {10.13084/2175-8018.v03n06a09},
    issn = {21758018},
    keywords = {agile manufacturing, learning, relational modeling, rescheduling}
}

@article{Glaubius2010,
    title = {{Real-Time Scheduling via Reinforcement Learning}},
    year = {2010},
    journal = {Proceedings of the 26th Conference on Uncertainty in Artificial Intelligence (UAI)},
    author = {Glaubius, Robert and Tidwell, Terry and Gill, Christopher and Smart, William D},
    pages = {1--9},
    isbn = {9780974903965}
}

@article{Grossmann2016,
    title = {{Recent advances in mathematical programming techniques for the optimization of process systems under uncertainty}},
    year = {2016},
    journal = {Computers and Chemical Engineering},
    author = {Grossmann, Ignacio E. and Apap, Robert M. and Calfa, Bruno A. and Garc{\'{i}}a-Herreros, Pablo and Zhang, Qi},
    pages = {3--14},
    volume = {91},
    publisher = {Elsevier Ltd},
    url = {http://dx.doi.org/10.1016/j.compchemeng.2016.03.002},
    isbn = {0098-1354},
    doi = {10.1016/j.compchemeng.2016.03.002},
    issn = {00981354},
    keywords = {Decision rule, Endogenous uncertainty, Exogenous uncertainty, Robust optimization, Scenario generation, Stochastic programming}
}

@article{Jin2009,
    title = {{Regularized distance metric learning: Theory and algorithm}},
    year = {2009},
    journal = {Adv. in Neural Inf. Proc. Sys.(NIPS)},
    author = {Jin, Rong and Wang, S and Zhou, Y},
    number = {1},
    pages = {1--9},
    url = {http://citeseerx.ist.psu.edu/viewdoc/download?doi=10.1.1.156.141&rep=rep1&type=pdf}
}

@book{Lewis2013,
    title = {{Reinforcement Learning and Approximate Dynamic Programming for Feedback Control}},
    year = {2013},
    author = {Lewis, Frank L. and Liu, Derong},
    publisher = {Wiley},
    address = {Hoboken, New Jersey}
}

@article{Busoniu2018,
    title = {{Reinforcement learning for control: Performance, stability, and deep approximators}},
    year = {2018},
    journal = {Annual Reviews in Control},
    author = {Bu{\c{s}}oniu, Lucian and de Bruin, Tim and Toli{\'{c}}, Domagoj and Kober, Jens and Palunko, Ivana},
    month = {1},
    pages = {8--28},
    volume = {46},
    publisher = {Elsevier Ltd},
    doi = {10.1016/j.arcontrol.2018.09.005},
    issn = {13675788},
    keywords = {Adaptive dynamic programming, Deep learning, Function approximation, Optimal control, Reinforcement learning, Stability}
}

@article{Tang2019,
    title = {{Reinforcement Learning for Integer Programming : Learning to Cut}},
    year = {2019},
    author = {Tang, Yunhao and Faenza, Yuri},
    arxivId = {arXiv:1906.04859v1}
}

@article{Hafner2011,
    title = {{Reinforcement learning in feedback control}},
    year = {2011},
    journal = {Machine Learning},
    author = {Hafner, Roland and Riedmiller, Martin},
    number = {1-2},
    pages = {137--169},
    volume = {84},
    isbn = {2004012439},
    doi = {10.1007/s10994-011-5235-x},
    issn = {0885-6125},
    pmid = {23459267},
    arxivId = {1511.04143},
    keywords = {benchmarks, feedback control, nonlinear control, reinforcement learning}
}

@article{Baxter2000,
    title = {{Reinforcement learning in POMDP's via direct gradient ascent}},
    year = {2000},
    journal = {Machine Learning-International Workshop Then Conference-},
    author = {Baxter, Jonathan and Bartlett, P.L.},
    number = {2},
    pages = {41–48},
    url = {http://ecs.victoria.ac.nz/twiki/pub/Courses/COMP421_2011T1/Texts/BaxterBartlett2000_DirectRL.pdf},
    isbn = {1-55860-707-2},
    doi = {no DOI, URL correct}
}

@book{Wiering2012,
    title = {{Reinforcement Learning State-of-the-Art}},
    year = {2012},
    author = {Wiering, Marco and van Otterlo, Martijn},
    pages = {1--653},
    url = {papers2://publication/uuid/C37F7A7E-9ACA-4FA5-B3FF-32F75622EE8E},
    address = {Heidelberg},
    isbn = {9783642015267},
    doi = {10.1007/978-3-642-27645-3}
}

@inproceedings{Badgwell2018,
    title = {{Reinforcement Learning – Overview of Recent Progress and Implications for Process Control}},
    year = {2018},
    booktitle = {International Symposium on Process Systems Engineering},
    author = {Badgwell, Thomas A and Lee, Jay H and Liu, Kuang-hung},
    pages = {71--85},
    isbn = {9780444642417},
    keywords = {model predictive control, process control, reinforcement learning}
}

@article{Kaelbling1996,
    title = {{Reinforcement learning: A survey}},
    year = {1996},
    journal = {Journal of Artificial Intelligence Research},
    author = {Kaelbling, Leslie Pack and Littman, Michael L. and Moore, Andrew W.},
    pages = {237--285},
    volume = {4},
    isbn = {9782874190810},
    doi = {10.1613/jair.301},
    issn = {10769757},
    pmid = {17255001},
    arxivId = {cs/9605103}
}

@article{Kaelbling1996b,
    title = {{Reinforcement learning: A survey}},
    year = {1996},
    journal = {Journal of Artificial Intelligence Research},
    author = {Kaelbling, Leslie Pack and Littman, Michael L. and Moore, Andrew W.},
    pages = {237--285},
    volume = {4},
    isbn = {9782874190810},
    doi = {10.1613/jair.301},
    issn = {10769757},
    pmid = {17255001},
    arxivId = {cs/9605103}
}

@book{Sutton2018,
    title = {{Reinforcement Learning: An Introduction}},
    year = {2018},
    author = {Sutton, R.S. and Barto, A.G.},
    edition = {2},
    publisher = {MIT Press},
    url = {http://incompleteideas.net/book/bookdraft2017nov5.pdf},
    address = {Cambridge, Massachusetts}
}

@article{Mao2016,
    title = {{Resource Management with Deep Reinforcement Learning}},
    year = {2016},
    journal = {HotNets},
    author = {Mao, Hongzi and Alizadeh, Mohammad and Menache, Ishai and Kandula, Srikanth},
    pages = {50--56},
    isbn = {9781450346610},
    doi = {10.1145/3005745.3005750},
    issn = {9781450346610}
}

@article{You2009,
    title = {{Risk management for a global supply chain planning under uncertainty: Models and algorithms}},
    year = {2009},
    journal = {AIChE Journal},
    author = {You, F and Wassick, J M and Grossmann, I E},
    number = {4},
    pages = {931--946},
    volume = {55},
    isbn = {0001-1541},
    doi = {10.1002/aic.11721},
    issn = {00011541 (ISSN)},
    keywords = {Chemical supply chains, Competition, Customer service levels, Decision making, Decomposition algorithms, Freight rates, Global supply chains, Industrial sizes, Linearization, Multi products, Multi-objective optimization schemes, Multicut L-shaped method, Multiobjective optimization, Planning, Planning models, Production and inventories, Random processes, Real costs, Risk analysis, Risk assessment, Risk management, Risk management models, Risk measures, Rolling horizons, Simulation, Simulation frameworks, Stochastic linear programming, Stochastic models, Stochastic programming, Stochastic programming models, Supply chain management, Supply chains, Transportation modes, Two stages}
}

@misc{Shen2014,
    title = {{Risk-sensitive reinforcement learning}},
    year = {2014},
    booktitle = {Neural Computation},
    author = {Shen, Yun and Tobia, Michael J. and Sommer, Tobias and Obermayer, Klaus},
    number = {7},
    pages = {1298--1328},
    volume = {26},
    publisher = {MIT Press Journals},
    doi = {10.1162/NECO{\_}a{\_}00600},
    issn = {1530888X}
}

@inproceedings{Berkenkamp2017,
    title = {{Safe Model-based Reinforcement Learning with Stability Guarantees}},
    year = {2017},
    booktitle = {31st Conference on Neural Information Processing Systems},
    author = {Berkenkamp, Felix and Turchetta, Matteo and Schoellig, Angela P. and Krause, Andreas},
    month = {5},
    url = {http://arxiv.org/abs/1705.08551},
    arxivId = {1705.08551}
}

@article{Fumero2011,
    title = {{Scheduling of Multistage Multiproduct Batch Plants Operating in a Campaign-Mode}},
    year = {2012},
    journal = {Industrial {\&} Engineering Chemistry Research},
    author = {Fumero, Yanina and Corsano, Gabriela and Montagna, Jorge M},
    pages = {3988--4001},
    volume = {51},
    doi = {10.1021/ie201757t}
}

@article{Balasubramanian2003,
    title = {{Scheduling optimization under uncertainty—an alternative approach}},
    year = {2003},
    journal = {Computers and Chemical Engineering},
    author = {Balasubramanian, J and Grossmann, I},
    pages = {469--490},
    volume = {27},
    isbn = {0098-1354},
    doi = {10.1016/S0098-1354(02)00221-1},
    issn = {0098-1354},
    keywords = {Flowshop plants, Fuzzy numbers, MILP models, New product development, Scheduling, Tabu search, Uncertainty}
}

@book{Pinedo2012,
    title = {{Scheduling: Theoty, Algotithms, and Systems}},
    year = {2012},
    booktitle = {Springer},
    author = {Pinedo, Michael L},
    pages = {1--673},
    volume = {4},
    url = {http://www.ncbi.nlm.nih.gov/pubmed/15003161%5Cnhttp://cid.oxfordjournals.org/lookup/doi/10.1093/cid/cir991%5Cnhttp://www.scielo.cl/pdf/udecada/v15n26/art06.pdf%5Cnhttp://www.scopus.com/inward/record.url?eid=2-s2.0-84861150233&partnerID=tZOtx3y1},
    isbn = {9780874216561},
    doi = {10.1007/s13398-014-0173-7.2},
    issn = {0717-6163},
    pmid = {15003161},
    arxivId = {arXiv:gr-qc/9809069v1},
    archivePrefix = {arXiv},
    eprint = {9809069v1},
    primaryClass = {gr-qc},
    keywords = {Adolescence, Adolescencia, Adolescent, Adolescent Behavior, Adolescent Behavior: psychology, Adult, Agresiones al cuerpo, Attachment to the body, Attaque au corps, Autolesiones deliberadas, Automutilation d{\'{e}}lib{\'{e}}r{\'{e}}e, Body Piercing, Body Piercing: psychology, Body Piercing: statistics {\&} numerical data, Body image, CUERPO, Chile, Chile: epidemiology, Cosmetic Techniques, Deliberate self-harm, Epidemiologic Methods, Female, Humans, Image corporelle, Imagen corporal, JUVENTUD, MODIFICACIONES CORPORALES, Male, Motivation, Movement, Risk-Taking, Self Mutilation, Self Mutilation: physiopathology, Self Mutilation: ultrasonography, Sex Distribution, Speech Articulation Tests, Speech Intelligibility, Tattooing, Tattooing: psychology, Tattooing: statistics {\&} numerical data, Tongue, Tongue: injuries, Tongue: physiopathology, Tongue: ultrasonography, aesthetics, and on cor-, as none were found, autoinjury and health, body, complications did not, complications from inserting a, constituci{\'{o}}n del yo, control postural- estabilizaci{\'{o}}n- v{\'{i}}as, corporal modifications, corps, cuerpo, culturas juveniles, cultures juv{\'{e}}niles, epidural, esth{\'{e}}tique, est{\'{e}}tica, find any reports of, high resolution images, if neuraxial anes-, ing with neuraxial anesthesia, jeunesse, juvenile cultures, juventud, mecanismos de anteroalimentaci{\'{o}}n y, modificacio -, needle through a, nes corporales, perforaci{\'{o}}n corporal, piel, pr{\'{a}}ctica autolesiva, psicoan{\'{a}}lisis, research, retroalimentaci{\'{o}}n, risks management, segunda piel, sensitivas y motoras, spinal, sustainable reconstruction, tattoo, tattooing, tattoos, tatuaje, the literature on tattoos, was reviewed to see, youth}
}

@article{Harjunkoski2014,
    title = {{Scope for industrial applications of production scheduling models and solution methods}},
    year = {2014},
    journal = {Computers and Chemical Engineering},
    author = {Harjunkoski, Iiro and Maravelias, Christos T. and Bongers, Peter and Castro, Pedro M. and Engell, Sebastian and Grossmann, Ignacio E. and Hooker, John and M{\'{e}}ndez, Carlos and Sand, Guido and Wassick, John},
    pages = {161--193},
    volume = {62},
    publisher = {Elsevier Ltd},
    url = {http://dx.doi.org/10.1016/j.compchemeng.2013.12.001},
    isbn = {00981354},
    doi = {10.1016/j.compchemeng.2013.12.001},
    issn = {00981354},
    keywords = {Best practices, Challenges, Industrial applications, Integration, Scheduling}
}

@article{Giovannini2015,
    title = {{Self-confined plasma in a magneto-plasma compressor and the influence of an externally imposed magnetic field}},
    year = {2015},
    journal = {Plasma Sources Science and Technology},
    author = {Giovannini, A Z and Barendregt, I and Haslinde, T and Hubbs, C and Abhari, R S},
    number = {2},
    pages = {025007},
    volume = {24},
    publisher = {Institute of Physics Publishing},
    url = {http://www.scopus.com/inward/record.url?eid=2-s2.0-84924324677&partnerID=tZOtx3y1},
    keywords = {EUV, MPC, Z-pinch, discharge plasma, magnetic field, plasma compression, radiation generation}
}

@article{Forstmann2016,
    title = {{Sequential Sampling Models in Cognitive Neuroscience: Advantages, Applications, and Extensions}},
    year = {2016},
    journal = {Ssrn},
    author = {Forstmann, B.U. and Ratcliff, R. and Wagenmakers, Eric-Jan},
    isbn = {1545-2085 (Electronic){\textbackslash}r0066-4308 (Linking)},
    doi = {10.1146/annurev-psych-122414-033645},
    issn = {0066-4308},
    pmid = {26393872},
    arxivId = {15334406}
}

@article{Mishra2005,
    title = {{Short-Term Scheduling of Batch Processes. A Comparative Study of Different Approaches}},
    year = {2005},
    journal = {Industrial {\&} Engineering Chemistry Research},
    author = {Mishra, Brahmadatta V and Mayer, Eckart and Raisch, Jörg and Kienle, Achim},
    number = {11},
    pages = {4022--4034},
    volume = {44},
    url = {http://pubs.acs.org/doi/abs/10.1021/ie049662d},
    isbn = {0888-5885},
    doi = {10.1021/ie049662d},
    issn = {0888-5885}
}

@article{Cohen2007,
    title = {{Should I stay or should I go? How the human brain manages the trade-off between exploitation and exploration}},
    year = {2007},
    journal = {Philosophical Transactions of the Royal Society B: Biological Sciences},
    author = {Cohen, Jonathan D. and McClure, Samuel M. and Yu, Angela J.},
    number = {1481},
    pages = {933--942},
    volume = {362},
    isbn = {0962-8436 (Print) 0962-8436},
    doi = {10.1098/rstb.2007.2098},
    issn = {09628436},
    pmid = {17395573},
    arxivId = {arXiv:1011.1669v3},
    keywords = {Decision making, Exploration, Learning, Neurotransmitters, Prefrontal cortex, Uncertainty}
}

@article{Abdi1966,
    title = {{Signal Detection Theory ( SDT )}},
    year = {1966},
    journal = {Cognition},
    author = {Abdi, H.},
    pages = {1--9},
    isbn = {0143-3636},
    doi = {10.1016/B978-0-08-044894-7.01364-6},
    issn = {0471214426},
    pmid = {1000164432},
    keywords = {cor-, criterion, d, false alarm, hit, ideal observer, ii, miss, rect rejection, roc curve, signal detection theory, type i}
}

@article{Williams1992,
    title = {{Simple statistical gradient following algorithms for connectionist reinforcement learning}},
    year = {1992},
    journal = {Machine Learning},
    author = {Williams, Ronald J.},
    number = {3-4},
    pages = {229--256},
    volume = {8}
}

@article{Flores-Tlacuahuac2006,
    title = {{Simultaneous cyclic scheduling and control of a multiproduct CSTR}},
    year = {2006},
    journal = {Industrial and Engineering Chemistry Research},
    author = {Flores-Tlacuahuac, Antonio and Grossmann, Ignacio E.},
    number = {20},
    pages = {6698--6712},
    volume = {45},
    isbn = {0888-5885},
    doi = {10.1021/ie051293d},
    issn = {08885885}
}

@article{Terrazas-Moreno2007,
    title = {{Simultaneous Cyclic Scheduling and Optimal Control of Polymerization Reactors}},
    year = {2007},
    journal = {AIChE Journal},
    author = {Terrazas-Moreno, Sebastian and Flores-Tlacuahuac, Antonio and Grossmann, Ignacio E.},
    number = {9},
    pages = {2301--2315},
    volume = {53},
    isbn = {9513862380},
    doi = {10.1002/aic},
    issn = {12350621},
    pmid = {23641116},
    keywords = {control, optimization, polymerization reactors}
}

@article{Terrazas-Moreno2008,
    title = {{Simultaneous design, scheduling, and optimal control of a methyl-methacrylate continuous polymerization reactor}},
    year = {2008},
    journal = {AIChE Journal},
    author = {Terrazas-Moreno, Sebastian and Flores-Tlacuahuac, Antonio and Grossmann, Ignacio E},
    number = {12},
    pages = {3160--3170},
    volume = {54},
    isbn = {9783902661548},
    doi = {10.1002/aic.11658},
    issn = {00011541},
    pmid = {23641116},
    arxivId = {arXiv:1402.6991v1},
    keywords = {Optimization, Polymerization, Process control}
}

@article{Erdirik-Dogan2008,
    title = {{Simultaneous planning and scheduling of single-stage multi-product continuous plants with parallel lines}},
    year = {2008},
    journal = {Computers and Chemical Engineering},
    author = {Erdirik-Dogan, Muge and Grossmann, Ignacio E.},
    number = {11},
    pages = {2664--2683},
    volume = {32},
    isbn = {0098-1354},
    doi = {10.1016/j.compchemeng.2007.07.010},
    issn = {00981354},
    keywords = {MILP, Multi-product continuous plants, Planning, Scheduling, Slot based formulation}
}

@article{Birewar1990,
    title = {{Simultaneous production planning and scheduling in multiproduct batch plants}},
    year = {1990},
    journal = {Industrial {\&} Engineering Chemistry Research},
    author = {Birewar, Deepak B. and Grossmann, Ignacio E.},
    number = {4},
    pages = {570--580},
    volume = {29},
    url = {http://pubs.acs.org/doi/abs/10.1021/ie00100a013},
    doi = {10.1021/ie00100a013},
    issn = {0888-5885}
}

@article{Zhang2000,
    title = {{Solving combinatorial optimization tasks by reinforcement learning: A general methodology applied to resource-constrained scheduling}},
    year = {2000},
    journal = {Journal of Artificial Intelligence Research},
    author = {Zhang, Wei and Dietterich, Thomas G.},
    number = {1},
    pages = {1},
    volume = {1}
}

@article{Samuel1959,
    title = {{Some studies in machine learning using the game of checkers}},
    year = {1959},
    journal = {Ibm Journal},
    author = {Samuel, A.L.},
    number = {3},
    pages = {210},
    volume = {3},
    url = {http://pages.cs.wisc.edu/~dyer/cs540/handouts/samuel-checkers.pdf},
    isbn = {0066-4138},
    doi = {10.1016/0066-4138(69)90004-4},
    issn = {00664138}
}

@article{Mining2009,
    title = {{Springer Series in Statistics The Elements of}},
    year = {2009},
    journal = {The Mathematical Intelligencer},
    author = {Mining, Data},
    number = {2},
    pages = {83–85},
    volume = {27},
    url = {http://www.springerlink.com/index/D7X7KX6772HQ2135.pdf},
    isbn = {9780387848570},
    doi = {10.1007/b94608},
    issn = {03436993},
    pmid = {15512507}
}

@misc{Mendez2006,
    title = {{State-of-the-art review of optimization methods for short-term scheduling of batch processes}},
    year = {2006},
    booktitle = {Computers and Chemical Engineering},
    author = {M{\'{e}}ndez, Carlos A. and Cerd{\'{a}}, Jaime and Grossmann, Ignacio E and Harjunkoski, Iiro and Fahl, Marco},
    number = {6-7},
    pages = {913--946},
    volume = {30},
    isbn = {0098-1354},
    doi = {10.1016/j.compchemeng.2006.02.008},
    issn = {00981354},
    keywords = {Batch processes, MILP, Optimization models, Short-term scheduling}
}

@book{Biegler1997,
    title = {{Systematic Methods of Chemical Process Design}},
    year = {1997},
    author = {Biegler, Lorenz T. and Grossmann, Ignacio E. and Westerberg, Arthur W.},
    publisher = {Prentice Hall},
    address = {Upper Saddle River, New Jersey}
}

@article{Rahmaniani2017,
    title = {{The Benders decomposition algorithm: A literature review}},
    year = {2017},
    journal = {European Journal of Operational Research},
    author = {Rahmaniani, Ragheb and Crainic, Teodor Gabriel and Gendreau, Michel and Rei, Walter},
    number = {3},
    pages = {801--817},
    volume = {259},
    publisher = {Elsevier B.V.},
    url = {http://dx.doi.org/10.1016/j.ejor.2016.12.005},
    doi = {10.1016/j.ejor.2016.12.005},
    issn = {03772217},
    keywords = {Acceleration techniques, Benders decomposition, Combinatorial optimization, Literature review}
}

@article{Bengio2006,
    title = {{The Curse of Highly Variable Functions for Local Kernel Machines}},
    year = {2006},
    journal = {Advances in Neural Information Processing Systems 18},
    author = {Bengio, Yoshua and Delalleau, Olivier and Le Roux, Nicolas},
    pages = {107--114},
    url = {http://www.iro.umontreal.ca/~lisa/pointeurs/local_curse_nips2005.pdf},
    isbn = {9780262232531},
    issn = {10495258}
}

@article{Ratcliff2008,
    title = {{The diffusion decision model: Theory and data for two-choice decision tasks}},
    year = {2008},
    journal = {Neural Computation},
    author = {Ratcliff, Roger and McKoon, Gail},
    pages = {873--922},
    volume = {20},
    doi = {10.1162/neco.2008.12-06-420},
    issn = {0899-7667}
}

@article{Pedersen2017,
    title = {{The drift diffusion model as the choice rule in reinforcement learning}},
    year = {2017},
    journal = {Psychonomic Bulletin and Review},
    author = {Pedersen, Mads Lund and Frank, Michael J. and Biele, Guido},
    number = {4},
    pages = {1234--1251},
    volume = {24},
    publisher = {Psychonomic Bulletin {\&} Review},
    url = {http://dx.doi.org/10.3758/s13423-016-1199-y},
    isbn = {1531-5320},
    doi = {10.3758/s13423-016-1199-y},
    issn = {15315320},
    pmid = {27966103},
    keywords = {Bayesian modeling, Decision making, Mathematical models, Reinforcement learning}
}

@article{Cauwels2012,
    title = {{The Illusion of the Perpetual Money Machine}},
    year = {2012},
    journal = {Nonstein Academy White Paper},
    author = {Cauwels, Peter and Sornette, Didier},
    month = {12},
    publisher = {Elsevier BV},
    doi = {10.2139/ssrn.2191509}
}

@article{Bennett2006,
    title = {{The Interplay of Optimization and Machine Learning Research}},
    year = {2006},
    journal = {Journal of Machine Learning Research},
    author = {Bennett, Kristin P},
    number = {January},
    pages = {1265--1281},
    volume = {7}
}

@article{Bazewicz1996,
    title = {{The job shop scheduling problem: Conventional and new solution techniques}},
    year = {1996},
    journal = {European Journal of Operational Research},
    author = {B{\l}a{\.{z}}ewicz, Jacek and Domschke, Wolfgang and Pesch, Erwin},
    number = {1},
    pages = {1--33},
    volume = {93},
    url = {http://linkinghub.elsevier.com/retrieve/pii/0377221795003622},
    isbn = {0377-2217},
    doi = {10.1016/0377-2217(95)00362-2},
    issn = {03772217}
}

@book{Dubbey2004,
    title = {{The Mathematical Work of Charles Babbage}},
    year = {2004},
    author = {Dubbey, J.M.},
    publisher = {Cambridge University Press},
    address = {Cambridge, England}
}

@article{Gold2007,
    title = {{The Neural Basis of Decision Making}},
    year = {2007},
    journal = {Annual Review of Neuroscience},
    author = {Gold, Joshua I. and Shadlen, Michael N.},
    pages = {535--574},
    volume = {30},
    doi = {10.1146/annurev.neuro.29.051605.113038}
}

@article{Dantzig1987,
    title = {{The Origins of the Simplex Method}},
    year = {1987},
    journal = {Systems Optimization Laboratory},
    author = {Dantzig, George},
    url = {http://www.dtic.mil/dtic/tr/fulltext/u2/a182708.pdf},
    keywords = {simplex}
}

@misc{Bellman1954,
    title = {{The Theory of Dynamic Programming}},
    year = {1954},
    booktitle = {Bulletin of the American Mathematical Society},
    author = {Bellman, Richard},
    number = {6},
    pages = {503--515},
    volume = {60},
    doi = {10.1090/S0002-9904-1954-09848-8},
    issn = {0002-9904},
    pmid = {16589166}
}

@article{Huang2009,
    title = {{The Value of Multistage Stochastic Programming in Capacity Planning Under Uncertainty}},
    year = {2009},
    journal = {Operations Research},
    author = {Huang, Kai and Ahmed, Shabbir},
    number = {4},
    pages = {893--904},
    volume = {57},
    doi = {10.1287/opre.1080.0623},
    issn = {0030-364X}
}

@article{Bertsimas2011,
    title = {{Theory and Applications of Robust Optimization}},
    year = {2011},
    journal = {SIAM Review},
    author = {Bertsimas, Dimitris and Brown, David B. and Caramanis, Constantine},
    number = {3},
    pages = {464--501},
    volume = {53},
    url = {http://epubs.siam.org/doi/10.1137/080734510},
    isbn = {00361445},
    doi = {10.1137/080734510},
    issn = {0036-1445},
    pmid = {20879563},
    arxivId = {1010.5445},
    keywords = {adaptable optimization, applications of robust optimiza-, robust optimization, robustness}
}

@article{Jardini2013,
    title = {{Thinking Through the Cold War: RAND, National Security and Domestic Policy, 1945-1975}},
    year = {2013},
    author = {Jardini, David R},
    url = {https://amzn.to/2xDQBsa}
}

@article{Skorin-Kapov1996,
    title = {{Tight linear programming relaxations of uncapacitated p-hub median problems}},
    year = {1996},
    journal = {European Journal of Operational Research},
    author = {Skorin-Kapov, Darko and Skorin-Kapov, Jadranka and O'Kelly, Morton},
    pages = {582--593},
    volume = {94},
    keywords = {hub location, integer programming, linear programming}
}

@inproceedings{Rajeswaran2017,
    title = {{Towards Generalization and Simplicity in Continuous Control}},
    year = {2017},
    booktitle = {31st Conference on Neural Information Processing Systems},
    author = {Rajeswaran, Aravind and Lowrey, Kendall and Todorov, Emanuel and Kakade, Sham},
    doi = {10.1016/0097-3165(91)90013-7},
    issn = {10960899}
}

@misc{BretauSCB2018,
    title = {{Trade War Disrupts Supply Chains, and Spurs a Slow Shift From China}},
    year = {2018},
    booktitle = {Supply Chain Brain},
    author = {Bretau, Sebastien},
    url = {https://www.supplychainbrain.com/blogs/1-think-tank/post/28878-trade-war-disrupts-supply-chains-and-spurs-a-slow-shift-from-china}
}

@article{Campbell2012,
    title = {{Twenty-Five Years of Hub Location Research}},
    year = {2012},
    journal = {Transportation Science},
    author = {Campbell, James F. and O'Kelly, Morton E.},
    number = {2},
    pages = {153--169},
    volume = {46},
    url = {http://pubsonline.informs.org/doi/abs/10.1287/trsc.1120.0410},
    isbn = {0041-1655},
    doi = {10.1287/trsc.1120.0410},
    issn = {0041-1655},
    keywords = {accepted january 2012, history, hub location, hub networks, january 2012, june 2011, received, revisions received, september 2011}
}

@article{Englberger2016,
    title = {{Two-stage stochastic master production scheduling under demand uncertainty in a rolling planning environment}},
    year = {2016},
    journal = {International Journal of Production Research},
    author = {Englberger, Julian and Herrmann, Frank and Manitz, Michael},
    number = {20},
    pages = {6192--6215},
    volume = {54},
    doi = {10.1080/00207543.2016.1162917},
    issn = {1366588X},
    keywords = {Master production scheduling, demand uncertainty, hierarchical production planning, scenario-based stochastic programming with recours, two-stage stochastic programming}
}

@article{Mehlhorn2015,
    title = {{Unpacking the exploration-exploitation tradeoff: A synthesis of human and animal literatures}},
    year = {2015},
    journal = {Decision},
    author = {Mehlhorn, Katja and Newell, Ben R. and Todd, Peter M. and Lee, Michael D. and Morgan, Kate and Braithwaite, Victoria A. and Hausmann, Daniel and Fiedler, Klaus and Gonzalez, Cleotilde},
    number = {3},
    pages = {191--215},
    volume = {2},
    isbn = {4047885355},
    doi = {10.1037/dec0000033},
    issn = {23259973},
    pmid = {8511734},
    keywords = {Decision making, Decision theory, Exploration- exploitation tradeoff, Foraging, Learning}
}

@misc{NakayamaNAR2018,
    title = {{US-China tariff showdown uproots global supply chains}},
    year = {2018},
    booktitle = {Nikkei Asian Review},
    author = {Nakayama, Shuji and Otsuka, Setsuo and Harada, Issaku},
    month = {8},
    url = {https://asia.nikkei.com/Economy/Trade-War/US-China-tariff-showdown-uproots-global-supply-chains}
}

@misc{BlandFT2018,
    title = {{US-China trade war prompts rethink on supply chains}},
    year = {2018},
    booktitle = {The Financial Times},
    author = {Bland, Ben},
    month = {10},
    url = {https://www.ft.com/content/03e4f016-aa9a-11e8-94bd-cba20d67390c},
    address = {London}
}

@inproceedings{Schneider1998,
    title = {{Value function based production scheduling}},
    year = {1998},
    booktitle = {International Conference on Machine Learning},
    author = {Schneider, Jeff G. and Boyan, Justin A. and Moore, Andrew W.},
    pages = {522--530},
    volume = {15},
    address = {Madison, Wisconsin, USA}
}

@article{Greensmith2004,
    title = {{Variance reduction techniques for gradient estimates in reinforcement learning}},
    year = {2004},
    journal = {The Journal of Machine Learning {\ldots}},
    author = {Greensmith, Evan and Bartlett, Pl and Baxter, J},
    pages = {1471--1530},
    volume = {5},
    url = {http://dl.acm.org/citation.cfm?id=1044710},
    isbn = {1532-4435},
    issn = {15337928},
    keywords = {actor-critic, baseline, gpomdp, policy gradient, reinforcement learning}
}

@book{Marr2010,
    title = {{Vision}},
    year = {2010},
    author = {Marr, David},
    edition = {2},
    publisher = {MIT Press},
    address = {Cambridge, Massachusetts}
}

@article{KoehlerBusy-TimeMachines,
    title = {{Busy-Time Scheduling on a Bounded Number of Machines}},
    author = {Koehler, Frederic and Khuller, Samir},
    pages = {1--26}
}

@article{Balogh2012NewAlgorithms,
    title = {{New lower bounds for certain classes of bin packing algorithms}},
    year = {2012},
    journal = {Theoretical Computer Science},
    author = {Balogh, János and B{\'{e}}k{\'{e}}si, József and Galambos, Gábor},
    doi = {10.1016/j.tcs.2012.04.017},
    issn = {03043975},
    keywords = {Bin packing, Lower bound, On-line algorithm, Worst-case behavior}
}

@book{NoTitle,
    title = {{No Title}},
    isbn = {9781608454921}
}

@article{Macal2006ProceedingsEds.,
    title = {{Proceedings of the 2006 Winter Simulation Conference L. F. Perrone, F. P. Wieland, J. Liu, B. G. Lawson, D. M. Nicol, and R. M. Fujimoto, eds.}},
    year = {2006},
    author = {Macal, Charles M and North, Michael J},
    pages = {73--83},
    isbn = {1424405017}
}

@article{Dreyfus2002RICHARDOF,
    title = {{RICHARD BELLMAN ON THE BIRTH OF}},
    year = {2002},
    author = {Dreyfus, Stuart},
    number = {1},
    pages = {48--51},
    volume = {50}
}

@article{He2012SellProblem,
    title = {{Sell or Hold: A simple two-stage stochastic combinatorial optimization problem}},
    year = {2012},
    journal = {Operations Research Letters},
    author = {He, Qie and Ahmed, Shabbir and Nemhauser, George L.},
    number = {2},
    month = {3},
    pages = {69--73},
    volume = {40},
    doi = {10.1016/j.orl.2011.11.007},
    issn = {01676377},
    keywords = {Approximation algorithm, Integer programming, Stochastic programming, Submodular maximization}
}

@article{Jin2018Stability-certifiedPerspective,
    title = {{Stability-certified reinforcement learning: A control-theoretic perspective}},
    year = {2018},
    author = {Jin, Ming and Lavaei, Javad},
    month = {10},
    url = {http://arxiv.org/abs/1810.11505},
    arxivId = {1810.11505}
}